1924 2970
497 100 551 143 9⁶!
998 85 1158 139 9.·Maji
1196 93 1316 134 ¹77²4

496 141 602 194 pofl'e
619 138 841 184 contendit
863 148 878 183 ι,
910 136 1070 180 etiamsi
1085 139 1236 178 Mensae
1255 137 1505 190 Episcopalis
1518 141 1680 180 reditus
1700 144 1836 194 superr-

498 196 782 236 abundarent.

445 247 638 299 Denique
671 246 752 286 duo
767 242 1141 287 animadvertenda
1158 245 1385 293 proponit,
1415 245 1593 294 primum
1621 246 1780 288 scilicet
1811 276 1826 294 ‚

500 302 606 353 quod
622 298 814 352 quamvis
834 296 1053 345 Episcopus
1089 296 1128 334 in
1148 296 1412 337 Pastoralibus
1430 297 1741 338 visitationibus
1769 301 1831 340 ef-

496 352 760 403 flagitaverit
777 348 1077 389 exhibitionem
1096 346 1312 391 Librorum
1331 377 1344 396 ‚
1359 351 1398 389 in
1419 351 1562 401 quibus
1578 351 1750 391 Sacrarii
1768 365 1832 393 re-

497 407 610 446 ditus
628 400 824 451 descripti
844 401 935 440 sunt
948 426 961 446 ‚
978 401 1255 444 ,nihilominus
1272 402 1514 451 Capitulum
1533 404 1651 443 iilam
1667 405 1827 453 semper

498 456 760 507 impugnavit
777 483 787 494 .
820 454 1016 493 Alterum
1034 466 1132 493 vcro
1150 479 1164 500 ‚
1197 454 1303 506 quod
1321 455 1540 506 Episcopus
1570 469 1642 505 pro
1659 457 1727 496 sua
1747 457 1835 504 pie-

497 521 585 552 tate
617 521 696 548 non
722 506 880 548 destitit
913 506 1129 545 nonnullas
1160 507 1297 548 sacras
1326 508 1644 558 Suppessectiles
1671 509 1841 551 unicui-

499 578 576 616 que
592 562 719 603 trium
736 558 947 599 unitarum
962 559 1232 599 Ecclcfiarum
1252 560 1439 601 Sacrario
1456 562 1606 605 donare
1627 593 1639 603 .

446 615 546 656 Haec
579 627 650 663 pro
670 622 787 663 parte
806 611 1096 651 Promothoris·
1129 610 1295 652 fiscalis
1324 615 1402 654 hac
1415 614 1533 662 super
1551 628 1593 655 rc
1618 615 1835 657 deducun-

499 679 567 708 tur
583 697 593 708 .
621 664 866 714 Capitulum
900 665 958 703 nil
979 665 1203 715 quidquam
1232 664 1364 705 adhuc
1383 667 1596 714 exhibuit,
1624 667 1833 708 confidens

497 721 656 768 juribus
674 719 714 757 in
730 717 984 766 praecedenti
1002 716 1140 757 Caufae
1168 719 1444 768 propositione
1460 719 1602 761 allatis
1630 749 1641 760 .
1670 720 1841 761 Habent

498 770 822 812 Eminentiffimi
840 770 914 810 PP.
949 769 1099 821 quidin
1119 767 1230 812 ,fac-‘to
1261 771 1572 821 ponderandum
1599 780 1789 813 occurrat
1816 785 1836 813 5

500 825 599 877 quid
618 833 760 863 autem
780 823 899 870 juris,
918 823 1131 862 desumere
1149 823 1427 873 dignabuntur
1457 837 1503 865 ex
1521 823 1625 865 folio
1656 824 1741 866 diei
1770 836 1835 868 23.

499 876 772 929 praecedentis
786 877 930 917 mcnfis
950 874 1231 922 Novembris,
1259 876 1299 919 in
1332 889 1411 927 quo
1436 878 1633 926 nonnulla
1664 878 1832 918 relata-a

500 933 610 977 sunt,
628 942 713 979 qua:
731 928 780 968 ad
796 942 883 969 rem
900 926 1085 969 conferre
1105 927 1209 976 posse
1229 930 1478 970 existimavit
1493 960 1504 970 .
1535 931 1720 980 Superest
1755 929 1836 982 igi-

502 993 597 1028 tur,
631 991 675 1022 ut
693 981 891 1022 definiant

454 1035 752 1087 Ansttstandum
766 1059 781 1080 ‚
798 1035 861 1074 vel
876 1035 1115 1075 recedendum
1129 1048 1151 1073 a
1162 1037 1291 1086 derisit
1301 1062 1316 1083 ‚
1343 1039 1387 1074 in
1398 1037 1482 1086 casu
1497 1039 1573 1082 dre.

611 1192 761 1243 Qoad
776 1191 1191 1233 subministrationem
1221 1191 1583 1242 Suppeliec‘tilium
1600 1217 1615 1238 ‚
1644 1193 1683 1234 Sc
1698 1193 1836 1233 Orna-

669 1254 906 1287 mentorum
921 1245 964 1285 in
979 1245 1119 1285 decisis
1133 1270 1147 1290 ‚
1174 1247 1213 1286 &
1226 1246 1402 1294 amplius
1417 1277 1428 1286 .
1459 1246 1504 1285 In
1524 1246 1692 1296 reliquis
1724 1245 1833 1285 dila-

668 1307 711 1339 ta
728 1324 741 1344 ‚
772 1299 809 1338 8<
829 1306 1078 1346 proponatur
1092 1297 1220 1338 Causa
1254 1299 1322 1337 sub
1337 1311 1517 1348 congruo
1533 1298 1658 1340 dnbio
1672 1324 1686 1345 ‚
1713 1299 1751 1340 Sc
1768 1299 1827 1341 in-

667 1351 794 1395 terim
808 1350 994 1399 firmetur
1011 1350 1153 1392 Status
1170 1351 1381 1399 redituum
1397 1352 1572 1393 Sacrar-ii
1589 1383 1601 1392 .

564 1671 751 1714 OMEN.
779 1671 1057 1716 BENEFICII
1073 1704 1084 1715 .
1141 1675 1343 1726 Qamvis
1361 1676 1450 1716 Sac.
1468 1674 1751 1726 congregatio
1763 1671 1840 1712 de·-

573 1726 729 1767 finierit
745 1752 758 1772 ‚
791 1728 841 1766 ad
853 1728 1094 1768 beneficium
1109 1727 1436 1778 Commu-nitatis
1468 1728 1712 1770 Bellinzonae
1741 1738 1846 1775 prae-

512 1779 756 1820 sentandum
773 1780 849 1820 effe
870 1781 1140 1822 Sacerdotem
1167 1782 1253 1822 aeiu
1273 1807 1286 1826 ‚
1318 1783 1384 1822 vel
1402 1793 1496 1821 eum
1513 1808 1526 1828 ,
1557 1782 1626 1833 qui
1657 1778 1760 1818 infra
1777 1790 1845 1816 an·

514 1845 614 1872 num
630 1834 865 1880 promoveri
885 1832 1013 1882 posset
1030 1861 1043 1880 ,
1072 1836 1111 1875 Sc
1130 1835 1282 1874 nonnisi
1315 1847 1439 1885 quam
1458 1835 1496 1872 in
1513 1834 1698 1874 omnium
1726 1828 1846 1887 defc-

516 1886 582 1924 flu
599 1884 794 1933 simplicis
808 1884 964 1926 Clerici
985 1889 1346 1937 praesentationem
1378 1887 1547 1926 admitti
1565 1884 1669 1935 poffc
1683 1907 1710 1939 ‚-
1734 1883 1846 1920 sslhl·

519 1936 701 1976 lominus
737 1937 840 1977 nihil
857 1938 1145 1979 resolvendum
1162 1939 1322 1980 censuit
1352 1939 1482 1988 quoad
1512 1937 1844 1991 nominationem

518 1990 604 2036 jam
621 1988 771 2027 factam
787 1989 838 2030 de
854 1992 1024 2038 persona
1042 1991 1198 2030 Clerici
1214 1990 1490 2031 Defendentis
1502 1987 1712 2033 Molo,nifi
1730 1995 1843 2035 prius

518 2040 719 2089 nonnulla
743 2052 790 2080 ea
821 2039 873 2081 de
887 2053 930 2083 re
957 2041 1120 2085 fuissent
1136 2043 1374 2083 elucidata.
1399 2042 1570 2082 Accidit
1597 2050 1737 2080 autem
1753 2062 1766 2083 2
1795 2045 1844 2079 ut

512 2093 662 2134 deinde
678 2091 967 2134 Communitas
995 2094 1043 2133 ad
1061 2107 1207 2134 novam
1236 2096 1486 2136 electionem
1516 2092 1736 2133 devenerit
1765 2091 1841 2131 in-..v

512 2147 728 2195 personam
748 2145 982 2186 Sacerdotis
998 2147 1128 2197 Borgo
1146 2147 1309 2187 Caratti
1326 2161 1342 2188 ‚·
1360 2159 1538 2198 cumque
1559 2145 1723 2186 interim
1745 2143 1846 2183 Cle-

514 2196 763 2242 ricusMolo
786 2197 836 2236 ad
853 2197 1138 2238 Sacerdotium
1167 2197 1293 2239 fuerit
1329 2209 1545 2249 promotus
1563 2224 1580 2244 ,
1622 2200 1845 2237 iteratam.-

514 2251 646 2300 postea
659 2248 988 2290 nominationem
1018 2251 1077 2290 sui
1095 2253 1236 2291 favore
1267 2252 1499 2300 reportavit
1517 2280 1528 2291 .
1560 2250 1670 2291 Hinc
1702 2251 1741 2289 in
1763 2248 1846 2287 alia
1864 2283 1866 2286 ,

512 2302 651 2343 Causae
682 2302 955 2350 propositione
974 2329 989 2349 ‚
1018 2317 1105 2356 quae
1126 2304 1266 2343 habita
1283 2305 1336 2344 est
1365 2305 1433 2344 die
1454 2303 1629 2352 13.1u1ii
1650 2303 1743 2342 anni
1762 2300 1847 2340 ela-

511 2357 566 2405 psi
582 2380 595 2399 ‚
626 2363 804 2403 quatuor
820 2356 1011 2404 oportuit-
1025 2356 1149 2395 dubia
1162 2355 1379 2402 ldiscutere
1400 2369 1410 2395 :
1444 2355 1470 2396 Ι.
1498 2357 1627 2404 Anfit
1637 2357 1812 2404 standum
1828 2377 1845 2398 ‚

512 2406 576 2447 vel
592 2407 836 2446 recedendum
852 2421 874 2444 a
887 2409 1010 2458 decisis
1028 2408 1103 2457 sub
1118 2409 1246 2446 diebus
1274 2421 1293 2451 3
1305 2423 1335 2448 1.
1352 2410 1490 2447 Martii
1506 2434 1518 2453 ‚
1553 2412 1596 2452 (ἔγ
1627 2413 1686 2447 18.
1705 2407 1847 2455 Augu·

503 2462 553 2511 sti
576 2474 691 2507 1770.
706 2487 718 2499 .
752 2458 806 2498 ΙΙ.
834 2459 1142 2509 Ansustineatur
1155 2461 1278 2498 eleflio
1291 2462 1394 2508 suffla
1424 2465 1462 2497 in
1486 2461 1679 2509 vpas’rsonam
1709 2460 1847 2498 Clerici

511 2514 755 2558 Defendentis
771 2510 871 2551 Molo
886 2539 899 2558 ,
925 2515 982 2550 ita
995 2514 1091 2563 utfit
1104 2514 1225 2560 eidem
1251 2514 1373 2550 danda
1390 2514 1565 2551 inllittetio
1581 2542 1591 2552 .
1630 2511 1705 2552 III.
1734 2511 1844 2550 An.»

502 2564 732 2614 sustitteatur
744 2565 865 2602 eleflio
876 2566 1047 2616 postremo
1063 2566 1135 2604 loco
1147 2565 1249 2612 saffo
1264 2569 1303 2602 in
1315 2565 1502 2614 pedonam
1518 2566 1736 2605 Sacerdotis
1751 2564 1841 2603 An-

514 2620 604 2654 tonii
620 2618 665 2653 de
680 2618 799 2666 Burgo
818 2619 963 2658 Caratet‘
979 2642 993 2664 ,
1015 2620 1113 2656 itaut
1129 2618 1310 2664 dandafit
1330 2619 1450 2655 eidem
1465 2619 1647 2668 institutio
1661 2647 1672 2657 .
1694 2614 1843 2656 IV.An

510 2667 730 2720 Justiaeotur
744 2669 866 2710 clema
873 2671 1049 2723 postremo
1063 2669 1244 2718 locofac‘in
1259 2671 1302 2710 in
1316 2670 1506 2722 personam
1526 2672 1737 2713 Sacerdotis
1755 2669 1841 2707 De·

1769 2721 1849 2769 sen»³

77 1703 245 1753 Sess.23·
275 1716 420 1759 θυμω.

75 1758 122 1796 de
132 1758 296 1805 Reform.
