1924 2970
587 169 648 202 26.
672 161 851 211 Janaazii
878 175 988 208 177¹·
1375 175 1413 200 11

33 214 163 275 Hane·
183 227 324 257 tamen
368 215 616 256 sententiam
663 214 833 253 minime
871 211 1110 262 sequendam
1130 204 1417 258 existimarunt

93 270 168 309 alu
186 296 199 316 ,
229 281 325 320 quos
346 267 452 308 inter
469 267 828 313 MonacelLfhrmul.
851 267 959 315 legal.
980 276 1104 302 tom.2.
1124 267 1184 302 tit.
1197 256 1411 311 13.form.2i

93 335 190 378 narn.
211 335 304 377 3²·.’
335 320 462 370 &serp
483 345 495 366 ,
521 323 563 364 εἷς·
580 323 748 358 Gatticus
768 319 831 357 loc.
852 322 913 357 cit.
931 326 1075 367 θῆρας.
1089 324 1126 357 55.
1150 330 1207 354 10.
1226 342 1238 360 ‚
1268 318 1410 366 ἀγρίῃ,

94 376 236 424 quibus
251 372 379 411 visum
398 373 449 411 est
465 398 477 417 ‚
509 372 789 421 Apostolicum
812 371 1024 409 Indultum
1059 380 1137 405 non
1159 368 1216 406 ita
1237 369 1320 405 lat'e
1337 394 1348 413 ‚
1377 370 1414 408 δε

97 433 239 481 contra
272 433 459 463 mentem
497 423 703 463 Pontificis
740 421 816 463 esse
851 419 1164 470 intelligendum
1181 448 1191 458 .
1225 419 1416 458 Fatentur

97 476 262 533 quidem
281 497 301 522 ι,
329 478 449 514 verba
484 475 639 515 Indulti
660 502 673 522 ,
697 474 1047 523 comprehendere
1072 471 1308 510 Familiares
1327 471 1414 510 Pri-

95 528 389 585 vilegratorum
415 528 554 567 decori
591 528 886 567 iniervientes‚·
929 525 1093 575 Negant
1122 532 1258 562 tamen
1289 522 1415 562 infer-

95 592 131 620 n
159 577 252 636 inde
269 576 372 627 porse
389 604 402 623 ‚
434 581 539 630 quod
560 580 808 618 Familiaree.
842 590 982 617 omnes
1018 574 1246 615 necessariis
1264 575 1415 614 addicti

98 632 277 687 servitiis
297 656 309 676 ‚
328 633 470 682 absque
487 634 572 678 ullo
588 632 750 679 penitus
766 630 1001 669 discrimine
1018 655 1030 675 ,
1058 630 1094 667 3<
1113 627 1266 666 etiamsi
1281 639 1414 666 mora-

97 683 154 723 lis
167 682 316 722 saltem
335 683 560 724 famulatus
577 683 788 724 necessitas
816 692 1002 728 tempore
1033 679 1228 719 Sacrificii
1258 691 1333 717 non
1353 692 1417 717 ur-

94 743 221 791 geat3
252 747 456 786 praecepto
480 736 675 776 audiendi
691 735 847 774 Millam
880 735 1020 774 diebus
1034 731 1138 771 festis
1154 757 1166 776 ‚
1197 730 1236 769 in
1252 732 1412 770 suorum

95 788 371 827 Domitiorum
404 789 566 838 privato
585 787 784 826 Oratorio
809 787 1059 835 adimpleant
1082 814 1092 823 .
1124 783 1169 820 Id
1197 791 1334 822 autem
1366 795 1411 822 ex

99 851 151 878 eo
164 848 367 888 arguunt,
396 841 619 889 quodlicet
646 839 757 888 prius
777 850 893 888 quam
926 839 974 876 ad
1000 834 1287 878 Pontificatum
1319 848 1411 874 eve-

96 895 266 947 heretur
283 890 546 931 Innocentius
570 891 637 936 X„
652 891 783 939 quoad
800 889 1036 928 Familiares
1056 885 1234 925 servitiis
1251 899 1327 924 non
1344 900 1411 924 ne-

97 941 283 981 celsarlos
301 942 480 992 usurpari
500 943 669 982 minime'
683 942 939 982 consueverit
955 938 1155 990 particula
1175 939 1253 974 affin
1269 963 1280 980 ‚
1298 939 1343 974 ab
1360 949 1408 975 eo

95 1002 441 1042 tamesttempore
470 995 651 1033 adhiberi
678 994 802 1043 coepit
818 995 856 1032 in
873 997 976 1032 hunc
992 992 1155 1029 modum
1172 1005 1198 1025 =
1215 990 1409 1032 Volumus,

104 1047 200 1095 quod
213 1044 428 1084 Familiares
435 1047 604 1096 servitiis
618 1051 689 1085 tuis
718 1049 796 1084 acia
807 1061 872 1087 mm
886 1044 1071 1093 neceffarii
1099 1058 1126 1078 ε
1155 1040 1342 1091 Cumque
1371 1041 1412 1078 id

97 1097 394 1156 nonsufficeret
422 1100 471 1139 ad
498 1098 904 1138 circumscribendam
933 1121 945 1140 ‚
971 1092 1321 1142 cohibendamque
1353 1093 1410 1130 ni-

95 1162 222 1190 miam
241 1150 396 1188 Indulti
412 1153 684 1190 extensionem
710 1152 758 1190 ad
777 1163 848 1190 eos
866 1161 1024 1200 quoque
1043 1145 1278 1194 Familiares
1295 1171 1304 1189 ‚
1321 1145 1410 1194 qui-

95 1214 167 1250 bus
190 1202 294 1241 haud
322 1214 433 1259 mens
448 1212 537 1243 erat
571 1204 740 1241 Romani
761 1202 967 1241 pontificis
997 1198 1259 1249 privilegium
1277 1196 1410 1234 indul-³

96 1271 196 1314 gere
223 1281 235 1300 ‚
263 1253 447 1312 additum
475 1255 622 1294 deinde
648 1254 727 1294 fuit
756 1270 782 1295 -,-
810 1257 888 1297 αξὶιι
917 1262 1070 1302 tempore
1096 1249 1214 1297 Miffae
1243 1264 1269 1283 =
1301 1248 1407 1286 Hinc

95 1307 349 1369 deprehendi
379 1305 555 1365 afferunt
573 1335 584 1353 ‚
614 1321 682 1347 eos
710 1317 872 1345 tantum
892 1305 1130 1344 Familiares
1149 1300 1302 1339 Indulti
1321 1298 1406 1338 fore

97 1371 350 1416 pai-t1c1pes3
375 1373 443 1409 qui
478 1370 663 1410 tempore
687 1359 812 1397 Minae
841 1352 1370 1407 necessariumkfamulatum
1392 1378 1405 1395 ‚

97 1419 280 1467 spectato
296 1421 422 1451 etiam
450 1412 715 1452 convenienti
732 1412 909 1451 Personae
927 1405 1194 1457 privilegiata:
1226 1404 1374 1443 decore
1393 1429 1405 1447 ‚

98 1473 188 1511 actu
204 1465 398 1516 praebent,
416 1465 666 1514 proindeque
679 1464 757 1503 alia
775 1472 1040 1513 quaeeumque
1057 1455 1267 1497 necessaria
1283 1455 1408 1494 servi*—

97 1524 172 1568 tia‚
189 1529 302 1561 extra
318 1526 498 1565 tempuS‚
516 1529 595 1566 quo
613 1515 729 1553 Miffa
748 1514 991 1556 celebratur,
1008 1510 1056 1548 ad
1074 1508 1228 1546 Indulti
1245 1507 1410 1555 partici-

96 1576 305 1626 pationem
323 1567 602 1607 Familiaribus
620 1579 697 1606 non
712 1565 893 1609 sufficere
912 1593 921 1601 .

48 1627 326 1680 Quamobrem
344 1621 542 1660 existimat
570 1622 739 1656 Gatticus
757 1617 821 1654 loc.
839 1620 899 1653 cit.
918 1624 956 1657 55.
977 1627 1037 1656 23.
1055 1613 1149 1651 tuto
1166 1609 1271 1660 posse
1284 1610 1409 1657 depu-

97 1680 176 1722 tari
208 1684 328 1716 unum
348 1671 608 1712 Familiarem
629 1679 821 1719 tanquam
840 1665 1100 1706 necessarium
1116 1663 1164 1701 ad
1184 1662 1404 1702 inservien-

95 1736 192 1774 dum
221 1725 434 1770 Sacerdoti
453 1723 705 1765 celebranti,
736 1732 827 1759 cum
845 1730 974 1768 neque
1002 1714 1315 1762 privilegiatus,
1340 1726 1405 1751 ne-

96 1796 174 1837 que
197 1780 309 1821 illius
325 1777 451 1817 Filius
467 1800 480 1820 ‚
505 1783 576 1814 aut
593 1773 920 1822 Consanguineus
936 1795 948 1815 ,
980 1777 1049 1807 aut
1065 1765 1210 1805 Affinis
1231 1768 1305 1804 hoc
1321 1776 1406 1802 mu-

95 1847 169 1876 nus
200 1832 400 1880 suscipere
418 1836 607 1868 teneatur
634 1841 648 1871 5.
677 1839 721 1865 ac
737 1826 832 1865 tuto
863 1833 1022 1874 quoque
1035 1818 1204 1859 admitti
1232 1815 1335 1866 posse
1358 1816 1407 1854 ad.

93 1887 253 1928 Indulti
282 1882 523 1925 fruitionem
566 1880 692 1918 alium
715 1876 986 1925 :Familiarem
1011 1898 1025 1917 ‚
1063 1882 1157 1911 cum
1190 1868 1240 1908 ad
1267 1879 1407 1907 omnes

94 1949 268 1983 eventus
296 1946 396 1976 unus
415 1934 560 1972 saltem
589 1932 779 1971 Famulus
796 1927 966 1968 servitio
981 1923 1148 1963 Domini
1166 1918 1407 1961 necessarius

92 1992 317 2044 prudenter
343 1987 579 2035 judicetur:
609 1985 691 2026 Vel
718 1980 930 2021 fifoemina
954 1974 1215 2027 privilegiata
1248 1971 1372 2013 fuerit
1392 1998 1406 2017 ,

90 2056 171 2086 una
184 2045 329 2084 saltem
344 2039 509 2080 Ancilla
527 2063 540 2082 ‚
565 2050 650 2088 quae
681 2037 769 2074 actu
784 2031 954 2073 servitio
982 2027 1254 2074 Dominaeysuae
1269 2033 1406 2073 parata

90 2099 140 2137 fit
156 2108 175 2134 :¹
195 2094 317 2145 Qiod
341 2095 367 2133 fi
383 2093 594 2132 Indultnm
623 2089 774 2130 duobus
788 2085 915 2126 fuerit
939 2078 1166 2122 concessum
1182 2105 1194 2124 ,
1223 2077 1407 2128 quamvis

89 2161 194 2190 unus
209 2157 372 2188 tantum
390 2145 439 2185 ad
455 2143 645 2182 decorem
661 2167 673 2186 ,
691 2143 729 2180 ὃς
745 2138 1010 2178 securitatem
1025 2131 1214 2174 sufficiat,
1231 2127 1401 2168 admitti

93 2202 222 2242 etiam
238 2197 344 2249 poffe
373 2198 474 2236 duos
493 2195 729 2234 Familiares
747 2215 761 2235 ‚
792 2199 912 2238 prout
928 2188 966 2226 in
983 2185 1149 2224 Indulto
1167 2182 1316 2220 duabus
1335 2193 1408 2218 no-

91 2254 239 2293 bilibus
267 2249 461 2290 Foeminis
490 2247 704 2288 Romanis,
734 2243 887 2282 Amitae
919 2238 1148 2280 videlicet,
1175 2246 1219 2274 ac
1249 2230 1407 2281 Nepoti

90 2304 304 2346 concesso,
333 2303 401 2344 die
429 2299 603 2348 3.1.Julii
644 2302 756 2342 1673.v
784 2294 977 2333 Clemens
1010 2288 1062 2329 X.
1089 2285 1267 2337 permisit
1300 2297 1309 2321 ε
1339 2284 1402 2321 Ac

91 2358 259 2402 demum
287 2367 364 2394 non
385 2351 545 2394 excludi
575 2350 703 2389 alium
735 2346 996 2387 Familiarem
1014 2353 1085 2390 pro
1102 2337 1301 2377 Affinibus
1318 2361 1330 2379 ‚
1362 2336 1398 2372 Sc

93 2407 409 2458 Consanguineis
437 2402 643 2443 Sacrificio
672 2396 998 2439 interessentibus
1025 2420 1038 2439 ‚
1070 2388 1290 2431 dummodo
1314 2386 1403 2424 Pri-

96 2460 317 2510 vilegiatus
349 2457 532 2497 omnium
553 2452 876 2493 Domesticorum
912 2458 1049 2486 curam
1067 2445 1213 2483 habeat
1232 2466 1244 2484 ‚
1273 2440 1310 2477 <Q
1327 2438 1406 2493 'Su-

93 2523 254 2559 premus
269 2513 316 2550 fit
333 2511 462 2549 totius
479 2507 656 2546 Famiriae
676 2512 798 2552 caput
814 2528 827 2546 ,
855 2514 900 2541 ac
918 2498 1179 2538 moderator:
1204 2503 1278 2528 nec
1295 2487 1404 2545 diffi-

91 2572 206 2602 tetur
220 2588 235 2607 ‚
265 2563 443 2612 inspec‘to
461 2559 681 2606 cujuslibet
701 2554 955 2605 privilegiati
974 2552 1120 2588 decore
1140 2571 1151 2589 ‚
1182 2555 1252 2590 pro
1270 2552 1403 2580 varie-

91 2623 181 2657 tate
200 2613 397 2653 Locorum
416 2638 428 2656 ,
448 2611 643 2659 temporis
662 2635 675 2654 ,
709 2609 746 2647 Sc
765 2603 992 2653 Dignitatis
1009 2598 1270 2638 Personarum
1288 2619 1300 2637 ‚
1316 2593 1404 2639 plu-

90 2679 155 2706 res
173 2665 308 2714 exigi,
337 2668 375 2708 &
404 2664 572 2704 Indulto
602 2661 778 2711 gaudere
809 2656 913 2703 posse
931 2651 1168 2692 Familiares
1187 2673 1199 2691 ,
1224 2646 1292 2696 qui
1310 2655 1400 2691 pro-

89 2718 188 2769 priis
204 2717 391 2757 Dominis
413 2719 567 2765 semper
585 2713 753 2753 assistant
770 2722 778 2746 t
797 2708 996 2747 Observat
1017 2704 1172 2751 insuper
1189 2697 1397 2787 cumCaJl.

193 2771 290 2808 Tem.
314 2771 392 2807 XL.
762 2762 788 2798 Β
821 2775 837 2797 2
1352 2751 1408 2784 ²6-
