1924 2970
417 104 419 106 -
475 86 549 126 1⁸9
980 90 1043 123 29.
1063 75 1229 123 Augalh'
1248 87 1367 121 ¹77²·

463 139 609 186 gip-onem
624 131 881 179 ingrederetur
894 152 908 173 ‚
926 130 1067 166 abierat
1088 154 1101 171 ,
1117 142 1160 165 ac
1173 130 1262 164 duas
1282 130 1426 165 tanth
1439 129 1541 166 horas
1562 133 1602 167 in
1618 131 1692 171 atio
1708 132 1803 169 Con-

471 188 586 227 {ventu
602 198 734 222 moram
748 193 917 222 traxerat
934 207 948 225 ‚
966 196 1009 219 ac
1022 181 1143 222 ffatim
1161 182 1296 218 deinde
1308 181 1398 226 faffi
1427 185 1602 230 paenitens
1634 184 1804 228 reversus

462 241 591 288 ficerat
606 264 619 282 ‚
634 248 820 275 teneretur
833 238 992 282 incipere
1009 246 1143 271 novum
1175 246 1308 270 annum
1335 236 1554 280 probattom‘s
1568 232 1587 270 ε’
1626 234 1810 281 Respon-

475 291 536 330 dit
552 307 578 327 =
599 292 728 331 Teneri
746 291 788 326 ab
805 303 842 327 eo
860 291 921 325 die
940 314 952 333 ‚
967 300 1034 337 quo
1054 288 1194 330 rediit,
1211 295 1254 325 ut
1271 286 1378 336 apud
1397 285 1562 335 Fagnan.
1582 289 1623 325 in
1644 289 1730 336 Cap.
1748 286 1808 324 In—

465 339 633 395 finuante
648 370 660 388 ,
677 348 740 393 qui
759 343 844 381 cler.
866 341 927 379 vel
946 350 1096 379 vovent.
1117 343 1223 381 ⁷236.

418 399 499 445 Hic
516 406 655 436 tamen
674 396 830 442 Aunor
848 407 945 434 num.
965 406 1029 440 37.
1047 392 1233 432 advertit
1251 416 1264 435 ‚
1286 392 1394 441 quod
1413 393 1440 431 fi
1459 392 1658 432 Novitius
1691 404 1804 434 non-2

471 449 657 491 exiviffet
681 460 702 486 a
729 446 1006 491 Monasterio‚
1033 444 1101 484 sed
1119 446 1256 483 animo
1289 444 1475 495 fugiendi
1509 446 1809 497 aliquantisper

473 503 579 541 intra
597 501 765 541 claustra
784 499 980 538 latitaffet
998 525 1011 545 ‚
1045 510 1123 536 non
1145 507 1358 545 propterea
1391 511 1518 538 annus
1548 498 1804 547 probationis

473 558 731 602 interruptus
746 553 989 591 censeretur
1006 578 1019 598 ,
1036 551 1383 599 quemadmodum
1401 564 1448 591 ex
1466 550 1574 591 {aeto
1597 551 1810 599 'respondit

469 611 626 648 [Χίλων.
663 605 752 654 confi
771 618 789 647 3
798 618 836 648 3.
869 607 976 645 Puer
1001 605 1151 654 quidam
1184 605 1229 640 de
1255 605 1432 652 Regular.
1459 604 1807 654 Perpendendurn

467 661 597 710 igitur
613 685 626 704 ‚
644 671 691 698 an
710 671 793 707 quae
810 657 1008 706 tyrocinii
1023 666 1211 704 tempore
1229 657 1347 705 geffit
1369 657 1409 696 P.
1429 658 1694 704 Mauri‚tanti
1713 658 1810 702 sint,

472 723 519 752 ut
550 711 795 751 Novitiatus
827 710 1175 760 interruptionem
1209 709 1403 748 inducere
1424 711 1639 756 potuerint
1654 725 1669 750 ,·
1703 709 1811 749 licet

472 765 659 805 habitum
677 776 754 803 non
772 763 993 808 dimiserit,
1014 774 1144 811 neque
1168 760 1191 802 e'
1205 761 1538 812 Congregatione
1555 761 1783 805 discesserit
1798 790 1811 801 .

420 819 612 867 Denique
646 815 778 868 quoad
799 816 1137 866 prorogationem
1156 815 1355 862 temporis
1385 815 1694 865 ponderandum
1725 815 1798 852 in...

471 870 614 921 primis
629 894 641 914 ‚
658 882 706 909 an
725 869 774 908 ad
791 878 952 909 certum
972 870 1036 908 sex
1053 869 1251 907 mensium
1270 868 1449 916 spatium
1482 869 1689 915 protracta
1720 866 1813 905 fue-

470 924 526 963 rit
541 937 556 964 ‚·
580 922 810 973 deindeque
827 934 874 961 an
891 921 1217 962 Constitutiones
1235 920 1579 972 congregationis
1615 916 1813 960 Barnabi-

472 985 609 1016 tarum
628 974 863 1021 huiusmodi
879 984 1040 1024 tempus
1061 972 1286 1022 prccfiniant
1303 987 1316 1014 ‚·
1340 977 1542 1022 postremo
1557 977 1657 1014 vero
1677 999 1691 1019 ,
1722 984 1806 1012 am,

468 1029 539 1069 sub
554 1041 666 1078 paena
686 1027 893 1066 nullitatis
912 1028 1015 1067 illud
1028 1026 1232 1074 compleri
1251 1026 1440 1066 debuerit
1456 1052 1468 1071 ,
1499 1028 1607 1068 licet,
1622 1026 1809 1074 Congre-

471 1081 654 1174 {ationis
669 1079 1009 1128 ,constitutiones
1041 1079 1266 1119 clausulam
1294 1079 1533 1120 irritantem
1564 1092 1642 1120 non
1672 1078 1812 1128 praese·

493 1143 610 1174 erant
626 1163 635 1173 .

420 1188 508 1230 Post
529 1190 610 1226 haec
624 1184 822 1225 definient
839 1184 930 1225 Emi
950 1183 1028 1223 PP.

421 1243 491 1281 An
506 1241 637 1292 constet
664 1239 710 1278 de
725 1237 900 1279 nullitate
913 1237 1128 1290 profeffionis
1143 1239 1182 1277 in
1199 1236 1285 1286 casu
1303 1238 1378 1282 &a

41 1823 137 1873 Seffi
156 1835 216 1871 24.
234 1831 308 1872 clap.
338 1823 376 1860 6·
531 1819 918 1863 EAPOLITANA
976 1820 1354 1865 MATR1MON11
1397 1850 1408 1861 .
1462 1819 1677 1869 Postquam
1737 1815 1810 1855 diu

43 1877 91 1915 de
108 1876 268 1925 Reform.
287 1878 376 1915 Mae
543 1876 679 1914 aetum
698 1874 834 1916 fuerat
855 1875 894 1914 in
912 1875 1037 1916 Curia
1058 1874 1420 1928 Archiepiscopali
1436 1871 1638 1921 Neapolis
1670 1869 1719 1909 de
1736 1879 1812 1908 va-

46 1933 147 1970 rrim‚
467 1928 636 1968 liditate
669 1928 933 1969 Matrimonii
962 1943 983 1969 a
1015 1930 1259 1972 Marchione
1290 1927 1517 1971 Vincentio
1549 1919 1813 1980 Confalonex'

467 1981 670 2020 contracti
688 1993 782 2021 cum
803 1981 1028 2022 Catharina
1046 1982 1196 2029 Baiona
1215 2011 1228 2030 ‚
1247 1996 1331 2034 qua:
1349 1983 1399 2021 ob
1416 1978 1606 2020 affertam
1625 1975 1716 2015 Viri
1733 1984 1812 2031 im-

467 2033 698 2083 potentiam
724 2034 838 2073 illius
860 2036 1103 2074 nullitatem
1123 2037 1387 2085 proposuerat
1404 2058 1418 2078 ‚
1451 2029 1593 2070 statuit
1607 2026 1803 2066 Marchio

464 2085 721 2127 Vincentius
740 2085 1002 2135 Religionem
1025 2087 1185 2136 ingredi
1204 2114 1216 2133 ,
1248 2084 1492 2134 recessitque
1510 2094 1532 2121 a
1550 2079 1735 2130 qualibet
1753 2076 1806 2118 de

467 2137 694 2177 validitate
713 2139 984 2178 contentione
1005 2164 1019 2183 ‚
1047 2138 1264 2179 declarans
1293 2137 1614 2177 Matrimonium
1642 2140 1777 2189 ratum
1794 2154 1810 2176 ‚

467 2202 548 2230 nou
567 2191 667 2229 vero
683 2191 1014 2230 consummatum
1029 2220 1038 2231 .
1058 2191 1120 2231 ·1c1
1146 2205 1246 2241 ergo
1261 2189 1453 2230 definivit
1482 2186 1608 2227 Curia
1640 2185 1814 2242 Archiv·

465 2243 685 2294 piscopalis
702 2268 715 2286 ‚
745 2244 784 2283 Sc
804 2242 1040 2284 Marchioni
1058 2244 1287 2286 Vincentio
1301 2242 1549 2282 facultatem
1576 2237 1723 2279 tribuit
1744 2248 1809 2294 in-

466 2295 683 2346 grediendi
704 2295 966 2345 Religionem
982 2310 997 2337 ,-
1014 2296 1094 2335 Sed
1110 2298 1158 2336 ab
1174 2299 1248 2337 hac
1264 2295 1482 2336 Sententia
1498 2293 1565 2333 die
1584 2296 1646 2332 28.
1680 2289 1809 2339 Apri-

465 2349 514 2388 lis
541 2349 636 2389 anni
657 2358 773 2396 ¹770·
794 2348 954 2388 receffit
979 2349 1066 2390 Sac.
1086 2349 1370 2400 Congregatio
1387 2374 1401 2394 ,
1420 2347 1487 2386 c'ui
1504 2358 1581 2384 non
1598 2343 1694 2384 satis
1713 2354 1804 2401 per·

464 2401 600 2449 speria
617 2401 700 2441 visa
715 2402 810 2441 sunt
826 2402 912 2448 jura
931 2403 1338 2442 consummationem
1357 2396 1619 2441 excludentia
1638 2424 1649 2436 .
1671 2394 1808 2436 Novis

464 2454 609 2507 itaque
637 2454 816 2502 paratis,
846 2455 1152 2506 cumulatisque
1184 2455 1341 2501 juribus
1369 2479 1382 2498 ‚
1414 2451 1541 2501 iisque
1569 2447 1672 2507 juffu
1711 2448 1788 2488 sac
1807 2476 1819 2487 .

464 2506 808 2557 Congregationis
831 2507 1090 2547 coadiuvatis
1111 2509 1226 2554 juxta
1252 2505 1428 2545 formam
1457 2516 1478 2543 a
1506 2501 1806 2559 Benedidlinaa

464 2556 770 2600 Constitutione
791 2559 1032 2608 praefinitam
1054 2585 1066 2604 ‚
1084 2560 1125 2599 iu
1157 2571 1263 2599 novo
1279 2558 1414 2597 Causae
1452 2556 1640 2596 examine
1666 2554 1809 2594 habito

466 2609 532 2648 die
553 2617 614 2652 28.
635 2613 832 2660 praeteriti
851 2613 993 2652 menfis
1026 2613 1126 2663 Julii
1171 2614 1340 2662 sequens
1375 2609 1529 2658 prodiit
1559 2607 1804 2650 resolutio:

466 2662 615 2704 Praevio
631 2664 769 2713 receffu
782 2680 803 2704 a
821 2666 944 2714 dscists
961 2665 1073 2706 licere
1087 2667 1299 2705 Marchiom·
1330 2665 1530 2704 Vincentio
1559 2662 1705 2753 ingr-edla·
1721 2659 1802 2722 Re·

1698 2724 1788 2760 agm-
