1924 2970
577 127 637 162 26.
659 122 836 173 Jauuarii
873 136 941 170 ¹77
955 137 986 162 1.
1405 139 1423 170 5

101 190 176 217 uon
192 176 511 219 contradixerit,
529 175 619 223 plus
635 188 754 225 quam
769 176 974 214 manifeste
990 174 1223 224 patefecisse
1252 177 1421 217 suumin

98 231 306 270 contrariu
325 227 559 268 consensum
577 257 587 266 .
607 227 740 274 quiex
759 228 921 273 silentio
938 228 1015 266 rite
1039 227 1209 267 infertur
1231 231 1316 276 Cap.
1341 243 1421 267 cum

99 288 237 323 Wrum
251 284 296 320 de
309 280 483 329 Regular.
502 305 516 325 ,
548 280 709 328 Fagnan.
725 284 762 317 in
781 281 958 329 Cap.Tuae
973 277 1222 317 fraternitati
1240 283 1285 318 de
1299 284 1423 330 Spon-

93 335 171 381 sal.
189 361 201 379 ‚
232 339 275 379 φ·
288 333 457 375 Matr-im.
476 345 572 370 num.
599 345 613 370 1
625 346 657 370 ².
675 357 688 375 ‚
720 334 846 371 Divus
878 334 1027 370 Thomas
1059 337 1096 370 in
1108 347 1148 381 4.
1165 335 1333 373 Sentent.
1365 337 1425 372 da·-

94 388 284 436 stinel,27.
303 386 461 435 φαμι.
482 388 633 424 urtica.
651 386 700 421 ad
714 397 747 427 3.
766 413 776 423 .
808 384 866 423 Eo
885 385 1013 434 magis
1030 385 1121 435 quia
1139 388 1257 424 verba
1288 387 1426 426 neces-

103 439 199 478 saria
224 451 301 476 non
330 436 495 475 fuerant
521 462 534 482 ‚
565 436 727 487 quoties
761 436 968 482 sponsalia
995 461 1008 479 ‚
1051 438 1089 476 Sc
1113 437 1312 477 tractatus
1340 438 1419 478 de)

102 489 276 530 ineundo
305 488 571 527 matrimonio
585 487 879 537 praeceff'erant,
898 490 1059 538 Pugnan.
1077 489 1143 528 loc.
1159 493 1222 528 cit.
1240 503 1365 528 numa
1377 504 1407 529 1.

48 551 103 590 Ex
117 541 295 589 pluribus
315 550 452 579 autem
482 542 794 579 circumstantiis
810 566 823 585 ‚
854 553 929 579 non
962 550 1122 580 tantum
1140 542 1243 590 signa
1260 554 1283 584 ,τ
1304 543 1341 580 Sc
1358 541 1415 580 in-

104 592 214 632 dicia
244 593 475 641 dispositiva
492 618 504 636 ‚
537 593 604 632 sed
636 594 836 632 aflualem
864 593 1100 632 consensum
1126 593 1282 632 desumi
1311 593 1419 632 affir-

96 654 184 683 mat
200 669 213 689 ‚
243 657 388 692 nempe
406 671 420 690 ‚
437 645 530 695 quia
548 644 683 692 Sponfi
714 645 762 683 ad
794 646 1013 684 Ecclesiam
1044 643 1292 684 acceffcrunt
1322 647 1418 694 posi-

98 697 187 736 tivo
204 722 218 743 ‚
247 697 431 742 absoluto
444 723 456 742 ‚
487 708 535 735 ac
565 697 842 736 determjnato
867 698 1002 737 animo
1028 697 1300 736 contrahendi
1331 710 1418 737 ma-

97 748 368 797 trimonium,
399 749 689 800 propriumque
723 749 958 788 consensum
986 749 1194 794 parocho,
1225 751 1262 790 8<
1288 748 1419 788 Testi-

95 801 168 840 bus
181 800 232 840 ad
250 801 290 839 id
308 802 467 851 praecise
490 801 644 839 vocatis
658 800 929 845 pandiderunt
946 830 957 840 .
989 801 1151 840 Deinde
1177 802 1270 850 quia
1297 812 1419 850 curm,

98 852 235 900 sponsi
250 877 263 896 ‚
296 855 346 892 ob
363 853 621 891 resistentiam
640 851 770 891 Patris
787 852 874 891 Viri
892 877 905 896 ‚
920 853 1134 892 licentiam
1152 854 1422 892 contrahendi

95 905 409 945 matri-monium
441 904 630 944 obtinere
659 905 919 955 nequiverint
936 929 949 947 ‚
979 905 1081 943 illud
1095 906 1338 944 contrahere
1353 917 1420 945 cu-

97 965 264 1003 rarunt,
291 971 340 998 eo
359 957 482 995 modo
496 981 510 1002 ‚
529 969 610 1007 quo
626 965 817 1006 poterant
838 986 847 995 .
880 955 1082 996 Praeterea
1099 980 1111 999 ‚
1128 956 1221 1006 quia
1239 957 1319 1003 post
1333 968 1419 994 ma-

92 1009 341 1049 trimonium
357 1023 379 1049 a
395 1008 565 1050 Vicario
580 1008 783 1048 admoniti
801 1021 849 1048 ne
863 1010 977 1048 simul
1007 1009 1292 1048 cohabitarent
1309 1033 1320 1053 ,
1340 1021 1419 1047 uno

97 1073 168 1100 ore
187 1062 480 1112 responderunt
493 1087 505 1106 ,
522 1062 625 1100 illud
642 1060 780 1100 valide
796 1060 913 1100 fuisse
929 1062 1183 1100 contrai‘tum
1202 1090 1212 1098 .
1240 1059 1302 1099 Ac
1327 1070 1420 1099 tan-

94 1113 192 1153 dem
209 1138 224 1165 2
240 1115 335 1165 quia
352 1113 494 1166 eadem
515 1122 600 1154 met
614 1112 681 1152 die
698 1113 1009 1153 matrimonium
1034 1113 1314 1153 consummare
1333 1122 1421 1151 ten⁴

98 1173 264 1207 tarunt'.

49 1219 152 1259 Haec
165 1231 187 1258 a
202 1218 428 1259 Defensore
446 1218 707 1269 Matrimonii
723 1228 772 1257 ex
788 1216 925 1257 officio
955 1221 1027 1258 hac
1044 1218 1080 1256 in
1095 1216 1223 1257 Causa
1239 1217 1423 1256 animad-

97 1279 318 1312 vertuntur
331 1300 341 1310 .
371 1271 712 1320 Archicpiscopus
733 1283 802 1319 pro
821 1269 1108 1311 informatione
1124 1270 1333 1319 requisitus
1348 1269 1422 1312 ait,

99 1323 256 1364 editam
275 1321 388 1363 fuisse
403 1324 649 1367 sententiam
681 1324 796 1372 super
812 1323 1071 1363 Matrimonii
1105 1324 1300 1362 nullitate
1313 1335 1334 1360 a
1353 1322 1422 1361 Vi-

98 1376 425 1416 cario-Generali
456 1376 690 1425 Capitulari
718 1401 731 1420 ‚
760 1376 856 1414 dum
886 1375 1252 1422 Archiepiscopalis
1287 1374 1412 1412 Sedes

98 1436 296 1468 vacaret:
324 1428 483 1469 Iterum
500 1428 745 1479 requisivisse
769 1440 911 1468 omnes
929 1426 1114 1468 interesse
1130 1430 1342 1470 habentes,
1360 1425 1420 1464 ni-

95 1480 237 1530 hilque
251 1480 449 1531 audivisse
464 1489 612 1530 praeter
628 1493 674 1519 ea
690 1506 703 1525 ,
734 1493 819 1530 quae
838 1481 875 1518 in
897 1481 996 1519 afris
1012 1479 1146 1518 Causa:
1172 1480 1253 1522 jam
1271 1489 1422 1524 propo·

95 1532 259 1572 fuerant
274 1562 285 1572 .
317 1533 505 1584 Denique
523 1533 580 1570 ita
597 1532 810 1570 concludit
837 1547 864 1566 =
883 1532 1069 1568 Momm
1085 1540 1206 1566 autem
1218 1533 1415 1573 rationum,

95 1597 173 1635 quae
187 1598 233 1623 ex
246 1586 330 1623 affis
344 1587 502 1634 depromi
511 1584 654 1631 poffunt
669 1607 681 1625 ‚
712 1594 857 1630 quaeque
886 1595 939 1619 me
955 1592 1066 1618 ettam
1082 1590 1224 1618 movent
1259 1582 1308 1616 ad
1323 1582 1419 1617 idem

87 1638 334 1685 sentiendum,
350 1639 420 1682 dno
429 1637 636 1683 potifflmum
649 1632 718 1680 effe
735 1636 933 1671 videntur:
949 1634 1073 1680 nempe*
1088 1658 1100 1676 ,
1131 1633 1223 1680 quod
1244 1633 1411 1680 nonsatis

96 1689 223 1737 constet
237 1690 447 1735 thrt'cem
462 1686 653 1734 Angelum
666 1684 849 1732 Duffourn
863 1688 1002 1729 verbis,
1018 1695 1080 1722 aut
1088 1685 1196 1733 signis
1213 1684 1416 1731 consensum

89 1740 316 1790 prestitiffes
344 1742 393 1779 Et
407 1739 550 1787 insuper
564 1765 577 1783 ‚
608 1739 702 1788 quod
718 1739 899 1776 parochus
918 1752 980 1776 nec
995 1739 1147 1775 verbum
1162 1761 1173 1780 ‚
1205 1736 1264 1774 vel
1273 1736 1416 1784 signum

91 1790 296 1842 hujusmodi
323 1794 499 1836 audierit,
529 1801 593 1828 aut
620 1791 761 1828 viderit
775 1816 787 1834 ,
822 1804 864 1828 ac
893 1805 936 1828 ne
953 1791 1096 1828 videret
1127 1814 1138 1831 ‚
1173 1799 1235 1825 aus
1264 1789 1414 1825 audiret

94 1843 320 1892 aff'cflaverit
340 1874 348 1883 .
370 1844 518 1882 Plenius
536 1845 661 1882 EE.V
657 1845 706 1881 V.
723 1845 767 1881 id
781 1844 947 1892 colligere
960 1851 1130 1893 poterunt
1143 1853 1189 1878 ex
1201 1842 1417 1886 aft'ismmni-

95 1898 227 1948 busque
243 1900 296 1936 rei
309 1900 416 1945 totius
436 1898 613 1945 adirrnfflx
641 1911 670 1932 =

45 1951 100 2000 Ex
111 1949 282 1996 decreto
305 1948 487 1995 Concilii
515 1947 750 1988 Tridentini
776 1948 866 1996 sess.
888 1960 951 1997 ²4·
986 1956 1060 1996 cap.
1086 1962 1117 1996 ι,
1148 1949 1193 1984 de
1222 1947 1422 1993 Refhrriat.

93 2005 262 2041 Macrim.
296 2000 605 2040 matrimonium
635 2002 832 2047 celebrari
846 2001 967 2044 debet
997 2012 1134 2039 coram
1166 1999 1328 2046 proprio
1350 1998 1421 2036 Pa-

95 2057 219 2094 itocho
234 2078 248 2098 ,
277 2063 349 2092 aut
375 2053 459 2092 alio
478 2053 701 2092 Sacerdote
716 2080 729 2098 ‚
761 2052 811 2092 de
830 2054 1012 2097 ejusdem
1032 2052 1220 2095 parochi,
1237 2051 1303 2089 vel
1322 2050 1420 2098 Epi-

94 2107 203 2152 scopi
222 2106 390 2145 licentia
404 2132 418 2151 ‚
448 2107 486 2145 δε
500 2106 653 2147 duobus
670 2105 815 2145 saltem
835 2104 1018 2145 Testibus
1036 2133 1047 2144 .
1080 2104 1252 2142 Parochi
1274 2111 1417 2142 autem

94 2159 307 2209 praesentia
333 2171 409 2198 uon
426 2158 546 2198 debet
564 2156 641 2197 effe
667 2166 828 2198 tantum
858 2158 1083 2197 materialis
1101 2182 1114 2201 ‚
1143 2157 1248 2195 itaut
1282 2155 1308 2192 fi
1336 2154 1418 2203 ipse

92 2223 171 2250 non
190 2211 344 2251 viderit
359 2238 371 2257 ‚
400 2223 473 2250 nec
489 2210 695 2259 audiverit
710 2237 723 2256 ,
755 2224 838 2261 quae
853 2211 940 2249 asta
954 2210 1046 2248 sunt
1065 2235 1078 2254 ‚
1095 2206 1417 2252 ,matrimonium

94 2276 163 2301 non
174 2264 302 2302 valere
314 2262 520 2311 respondit
537 2261 623 2311 Sac.
640 2262 918 2312 congregatio
945 2273 1049 2301 anno
1070 2266 1141 2304 158
1153 2274 1186 2299 r.
1222 2259 1419 2307 Episcopo

96 2315 313 2364 Gieunensi
329 2341 341 2360 ‚
373 2325 416 2354 ut
432 2327 479 2354 ex
495 2316 558 2360 lib.
575 2327 613 2357 3.
630 2317 764 2353 decret.
777 2325 846 2363 pag
878 2327 939 2364 59,
956 2339 969 2358 ‚
1001 2313 1138 2363 &sees
1156 2340 1167 2351 .
1211 2311 1365 2351 Verum
1391 2310 1418 2348 fi

94 2365 297 2406 Parochus
326 2366 543 2407 affectasset
571 2380 648 2405 non
668 2368 929 2416 intelligere,
969 2375 1185 2414 propterea
1212 2362 1317 2414 quod
1348 2362 1417 2400 vel

98 2429 210 2458 aures
240 2420 308 2458 fibi
333 2419 570 2467 obstruxerit
587 2445 599 2463 ,
633 2418 859 2467 velfaciem
876 2420 1078 2458 averterit
1099 2441 1112 2461 ‚
1147 2425 1218 2465 aut
1244 2416 1417 2470 velave-

90 2469 141 2507 rit
158 2496 168 2514 ,
199 2471 417 2511 ‹reaudiret
437 2497 450 2516 ,
470 2472 515 2510 t&
532 2471 731 2517 aspiceret
748 2498 760 2515 ‚
778 2480 873 2518 tune
894 2470 1208 2519 matrimonium
1223 2464 1406 2521 ‘vahlldum

94 2521 173 2559 erit
189 2547 201 2565 ‚
232 2535 325 2567 cum
356 2524 396 2562 in
418 2524 588 2562 arbitrio
603 2523 774 2562 Parochi
794 2536 870 2560 non
884 2525 929 2562 sit
944 2547 956 2566 ,
975 2519 1232 2561 matrimonii
1248 2517 1414 2555 liberta-

96 2581 182 2611 tem
204 2573 399 2618 impedire
430 2602 442 2620 ‚
468 2576 812 2626 quemadmodum
832 2574 1126 2620 notat'Fagnan.
1159 2574 1198 2607 in
1214 2578 1288 2617 cap.
1309 2568 1413 2617 Q·-

93 2628 189 2661 m‘am
206 2637 301 2664 mern.
320 2641 380 2669 25.
395 2630 439 2665 de
455 2628 705 2676 constitution.
727 2653 738 2671 ‚
772 2627 1023 2664 Bened..³(lV.
1052 2626 1096 2660 de
1110 2623 1238 2671 Synod.
1260 2621 1412 2666 Diaecefi

95 2677 227 2726 ¹lib.13.
249 2687 319 2726 cap.
341 2692 397 2721 23.
438 2693 531 2718 nura.
555 2694 613 2718 io.
632 2705 644 2724 ,
678 2680 714 2720 8<
730 2678 956 2718 declaravit
988 2676 1107 2716 Sacra
1139 2672 1416 2758 Congrcgaetio

1366 2737 1414 2760 OC-
