1924 2970
534 163 880 215 16.Mart;?1771.
1370 180 1423 215 61
1465 175 1468 179 ’

165 218 382 259 ΟΜΑΝΑ
415 216 784 259 BENEPLACITI
830 219 1179 262 APOS'TOLICI
1213 256 1221 264 .
1262 226 1304 264 ln
1352 240 1425 276 po-

183 274 326 310 stremo
351 273 425 310 suae
455 271 682 310 voluntatis
712 272 849 322 elogio
880 296 893 315 ‚
945 274 1052 322 quod
1090 278 1317 325 conscripsit
1353 293 1424 318 an-

111 335 166 363 no
189 329 300 372 1764.
313 323 487 372 joannes
507 321 680 371 Baptista
699 323 918 373 Baragioli‚
940 326 1140 364 'bxi-edem
1174 341 1218 367 ex
1251 330 1328 370 affe
1365 333 1426 369 in-

103 377 240 416 ⁴stituit
257 379 418 414 Mariam
436 376 590 412 Annam
605 375 775 413 Mari-oni
793 389 957 415 uxorem
976 378 1262 422 suarmadicfta
1285 391 1422 422 tamen

112 428 359 468 caduci-taes
378 427 532 474 natumst
549 428 598 466 ad
616 428 714 465 alias
735 429 899 476 nuptias
922 429 1000 477 ipsa
1029 432 1217 471 tranfiret
1236 462 1245 471 .
1279 435 1427 472 Substi-

111 482 196 520 tuit
213 488 353 518 autem
373 491 411 517 in
432 479 661 519 deficientis
679 481 839 530 heredis
860 481 999 520 locum
1016 494 1212 529 pauperes
1239 498 1425 524 carcera-

110 543 175 572 tos
195 529 310 570 Urbis
327 556 339 573 ‚
362 532 399 569 in
418 543 590 581 quorum
611 532 824 571 subsidium
843 534 1051 573 universos
1067 536 1140 573 sua:
1159 538 1422 577 haereditatis

113 584 268 623 fruetus
284 583 393 628 juffit
411 585 635 632 erogandos
657 613 665 623 .

61 636 164 680 Vita
178 634 317 674 funt‘to
336 636 546 675 Testatore
564 638 631 675 sub
647 636 713 675 die
730 650 792 683 ²9·
809 635 906 685 julii
926 638 1106 683 ejusdem
1125 641 1220 679 anni
1245 667 1256 685 ,
1287 640 1425 681 confe-

107 687 314 727 stumfuit
334 688 528 728 universae
550 688 794 739 hereditatis
814 689 1090 729 inventarium
1114 718 1125 737 ,
1158 695 1276 738 cujus
1308 696 1423 732 valor

108 740 293 779 deduftis
310 741 497 780 oneribus
515 741 564 779 ad
583 742 777 779 summam
794 741 893 779 scut.
914 754 1031 787 3377.
1063 745 1263 788 ascendit,
1281 746 1419 784 ultra,

110 793 203 831 loca
232 802 407 843 quatuor
425 793 636 831 Montium
654 818 667 838 ‚
685 805 855 842 quorum
872 792 1024 832 fruetus
1045 797 1242 835 reservati
1269 805 1356 837 lunt
1372 799 1423 837 ti-

108 846 200 884 tulo
215 845 351 889 livelli
368 844 510 884 favore
531 843 726 883 Monialis
747 845 888 882 Maria:
911 846 1106 884 Diomirae
1126 848 1287 886 Cerrini
1306 879 1316 887 .

52 895 258 946 Exoptans
277 909 372 935 vero
388 897 515 934 Maria
532 898 649 934 Arma
677 894 813 936 Vidua
831 896 878 935 ad
895 896 1088 936 secundas
1124 901 1289 947 nuptias
1311 911 1424 940 tran-

16 953 17 957 ’
103 950 177 988 fire
196 960 340 997 ,agere
356 949 478 997 caepit
497 959 589 986 cum
626 948 824 988 societate
860 949 896 987 S.
916 948 1076 998 joannis
1107 950 1157 989 de
1191 950 1316 1000 Pigna
1336 979 1349 996 ‚
1377 961 1422 992 ut

103 1001 216 1040 bonis
231 1000 492 1049 hereditariis
510 1000 571 1039 uti
589 1026 600 1045 ‚
617 999 698 1038 frui
722 1000 786 1038 fibi
810 1001 978 1044 liceret,
995 1001 1133 1040 oblata
1154 1002 1191 1041 in
1209 1005 1420 1052 praemium

103 1052 365 1092 remittenda:
384 1052 630 1091 caducitatis
651 1053 803 1091 summa
832 1054 935 1092 scut.
962 1066 1047 1095 150.
1068 1053 1106 1091 in
1138 1055 1311 1103 pecunia
1348 1069 1422 1094 nu-

101 1113 327 1150 merata‚ac
345 1103 578 1153 poffeffione
608 1103 809 1142 dit‘torum
825 1104 948 1154 LL.4.
970 1105 1182 1144 Montium
1200 1133 1213 1152 ,
1241 1119 1417 1158 quorum

107 1156 264 1195 frut‘tus
282 1156 330 1195 ad
350 1157 578 1196 Monialem
596 1156 758 1196 Cerrini
778 1157 959 1205 spectant
976 1186 985 1195 .
1018 1157 1220 1198 Societati
1251 1160 1412 1208 placuit

103 1208 261 1248 oblatio
277 1233 290 1252 ‚
323 1213 446 1260 quare
459 1209 526 1248 sub
538 1209 607 1247 die
630 1220 687 1252 15.
709 1209 902 1248 Octobris
926 1213 1039 1254 1765.
1060 1211 1251 1250 solemnis
1281 1212 1416 1251 inita„›

99 1260 182 1300 fuit
197 1260 440 1307 concordia,
458 1272 532 1311 qua
545 1261 686 1301 eadem
712 1261 868 1301 oblatio
897 1260 978 1301 fuit
1009 1272 1250 1308 acceptata,
1282 1265 1320 1303 Sc
1347 1276 1420 1303 ca-

101 1313 260 1352 ducitas
278 1313 435 1353 remissa
450 1325 542 1352 cum
561 1326 685 1353 onere
700 1313 915 1353 obtinendi
937 1315 1043 1353 intra
1064 1316 1268 1355 trimestre
1285 1318 1410 1356 bene-

104 1365 304 1413 placitum
324 1366 602 1415 Apostolicum
626 1395 636 1404 .

52 1417 204 1458 Preces
222 1417 375 1460 idcirco
390 1418 519 1456 Maria
531 1419 652 1455 Anna
669 1418 721 1456 sa.
744 1429 870 1456 mem.
887 1418 1101 1457 Clementi
1120 1417 1239 1457 XIII.
1273 1431 1413 1466 porre-

107 1470 166 1509 xit
185 1482 254 1519 pro
268 1470 384 1509 diestae
401 1469 627 1509 concordiae
644 1469 933 1516 approbatione
950 1495 960 1512 ,
975 1470 1039 1507 sed
1056 1471 1211 1513 rejestae
1244 1469 1412 1510 fuerunt

102 1531 188 1561 tam
205 1523 243 1560 in
261 1521 469 1561 audientia
489 1520 727 1559 Sanetiffimi
747 1521 806 1556 die
819 1524 863 1563 56.
884 1523 983 1558 Maii
1005 1525 1116 1567 1767·
1135 1546 1148 1564 ‚
1180 1534 1299 1571 quam
1330 1523 1403 1560 im,

105 1574 438 1623 Congregatione
456 1574 530 1610 diei
548 1578 584 1611 8.
603 1572 768 1620 Augusta·
783 1570 943 1622 ejusdem
958 1573 1068 1610 Anni
1084 1602 1093 1612 .
1129 1573 1295 1611 Easdem
1321 1587 1410 1622 pre-

105 1637 174 1665 ces
193 1626 313 1664 modo
331 1631 500 1664 renovat
514 1625 642 1661 Maria
669 1623 790 1660 Anna
808 1635 852 1660 ex
873 1624 1041 1663 decreto
1077 1624 1122 1663 R.
1141 1624 1180 1663 P.
1202 1625 1252 1664 D.
1280 1625 1409 1664 Audi-1

102 1677 206 1715 toris
223 1675 465 1715 Sant‘tiffimi
489 1675 574 1713 diei
592 1679 629 1712 6.
661 1673 815 1722 Aprilis
832 1675 926 1713 anni
945 1676 1064 1724 elapsi
1099 1677 1231 1714 verbis
1263 1677 1403 1716 hisce.»

101 1736 302 1782 con-cepto
327 1729 567 1775 Sanfliffimus
581 1727 713 1775 remifit
728 1728 875 1774 henigne
901 1736 1024 1775 preces
1047 1729 1096 1764 ad
1123 1729 1282 1765 Sacram
1311 1731 1406 1768 Con-

93 1783 341 1829 gregationem
358 1780 512 1818 concilii
529 1793 609 1817 cum
640 1780 797 1816 omnihus
817 1779 1059 1825 facultatibus
1095 1780 1331 1829 neceſjariis,
1362 1783 1406 1825 ὅς’

105 1836 303 1881 opportunis
321 1857 334 1876 ,
363 1832 542 1881 rescriptis
555 1833 838 1880 praecedentibus
851 1844 918 1868 non
933 1833 1147 1880 obstantibus
1159 1861 1171 1870 .

47 1883 118 1925 ‘Ad
133 1884 165 1923 1.
188 1885 318 1935 inquit
335 1887 462 1922 Maria
477 1887 591 1922 Anna
611 1883 744 1923 Vidua
759 1907 773 1927 ‚
801 1895 939 1930 preces
954 1895 975 1922 a
1003 1884 1127 1922 SSriio
1160 1884 1210 1923 D.
1238 1884 1294 1923 N.
1322 1895 1402 1924 non

101 1934 216 1979 fuilse
247 1936 447 1981 reiensis,
476 1937 544 1975 sed
577 1935 625 1974 ad
664 1935 749 1974 Sac.
779 1934 1153 1985 Congregationem
1195 1937 1401 1986 ablegatas

98 2000 194 2028 eum
208 1989 392 2027 omnibus
410 1987 674 2027 facultatibus
691 1986 919 2026 necessariis
940 2012 954 2032 ‚
982 1989 1020 2030 ὃς
1054 1989 1294 2037 opportunis
1313 2017 1322 2028 .
1351 1989 1402 2028 Id

94 2041 241 2092 itaque
259 2041 380 2080 modo
397 2041 514 2080 unice
542 2039 827 2090 inquirendum
858 2039 934 2080 effe
958 2063 971 2084 ‚
1000 2052 1050 2078 an
1074 2040 1228 2080 eaedem
1259 2053 1399 2090 preces

98 2093 269 2134 veritati
315 2094 499 2132 nitantur
514 2119 526 2137 ,
558 2094 595 2132 ἃ
611 2105 658 2131 an
678 2092 1282 2143 BeneplacitumApostolicum
1307 2118 1320 2138 ,
1352 2104 1399 2133 ac

99 2145 296 2185 sanatoria
312 2146 350 2184 in
371 2146 561 2184 damnum
579 2143 723 2183 redeat
740 2145 914 2190 alicujus
933 2175 942 2184 .

48 2192 171 2236 Pocro
184 2211 269 2237 rem
287 2197 363 2237 esse
376 2197 426 2237 de
441 2196 658 2236 concordia
673 2196 776 2235 inita
793 2208 886 2236 cum
903 2197 1087 2236 omnibus
1102 2195 1202 2241 juris
1219 2219 1232 2239 ,
1251 2196 1289 2235 Sc
1308 2196 1400 2236 Sta-

99 2250 182 2289 tuti
203 2250 556 2289 solemnitatibus:
576 2252 676 2289 hanc
694 2249 837 2297 abipsa
858 2249 1066 2288 Societate
1100 2247 1215 2287 fuisse
1245 2248 1397 2296 pluries

96 2302 308 2350 probatam
326 2328 338 2348 ,
358 2303 396 2343 ἅτ
413 2302 540 2341 etiam
556 2309 801 2340 executam:
830 2300 998 2340 Nullius
1027 2303 1088 2347 jus
1116 2299 1265 2339 laedere
1283 2325 1295 2344 ,
1322 2312 1395 2338 nec

98 2353 176 2392 ulli
203 2355 398 2393 damnum
415 2353 560 2393 afferre
578 2378 591 2398 ,
612 2352 677 2391 sed
695 2352 777 2390 imo
795 2352 834 2390 in
850 2364 1042 2402 magnum
1066 2353 1201 2401 operis
1235 2351 1290 2398 pii
1332 2352 1397 2389 lu-

101 2415 214 2443 crum
248 2407 378 2446 redire
392 2431 407 2451 ‚
421 2407 517 2445 dum
550 2414 708 2444 certum
724 2431 736 2450 ‚
769 2406 807 2445 ὃ(
840 2406 1006 2455 quidem
1040 2404 1186 2454 pingue
1204 2406 1399 2450 compen-

98 2453 212 2494 dium
225 2459 384 2498 obtinet
401 2485 414 2504 ‚
435 2458 536 2497 nihil
553 2457 657 2496 certi
672 2457 773 2502 juris
800 2456 1053 2497 remittendo
1072 2481 1085 2500 ‚
1117 2467 1210 2493 cum
1229 2455 1275 2492 ab
1289 2453 1396 2492 arbi-

96 2507 184 2546 trio
201 2509 325 2551 viduae
342 2510 516 2560 pendeat
533 2509 814 2548 conditionem
830 2509 1077 2549 caducitatis
1094 2507 1262 2545 eludere
1279 2534 1289 2544 .

44 2557 204 2608 'Aperta
220 2560 367 2601 idcirco
384 2562 688 2602 interveniente
706 2559 1127 2604 utilitate‚concludit
1156 2557 1397 2605 Beneplaci-

98 2620 144 2650 to
175 2613 402 2659 Apostolico
414 2613 642 2654 donandam
657 2612 732 2652 effe
758 2642 767 2651 .
793 2613 882 2652 Nec
900 2610 1028 2651 obeffe
1064 2610 1219 2657 lapsum
1246 2610 1394 2648 trime-

94 2664 182 2702 stris
211 2664 260 2702 ad
288 2665 586 2714 beneplacitum
613 2664 880 2704 obtinendum
893 2663 1055 2703 statuti.
1089 2661 1226 2711 Inquit
1256 2662 1394 2705 enim,

97 2713 224 2766 ipsam
236 2728 377 2768 preces
394 2716 539 2759 dedilse
555 2729 628 2770 pro
642 2731 691 2759 eo
706 2716 994 2768 impetrando,
1014 2727 1086 2755 nec
1105 2714 1172 2755 fibi
1193 2714 1397 2804 impudtaitin-

1325 2777 1346 2804 u

1457 236 1546 283 Scff.
1557 252 1573 275 2
1583 252 1616 277 2„
1649 243 1766 288 eap.6.

1460 288 1504 327 de
1520 291 1678 338 Refiarm·³
