1924 2970
512 149 570 184 ⁸4-
587 134 729 172 Martii
745 146 859 181 1772.
892 157 894 159 >
1356 141 1406 185 67

84 187 191 227 :erit
209 210 221 230 ‚
242 199 290 226 an
306 188 575 228 moderamen
594 187 811 235 inculpatae
831 186 973 225 tutelae
992 187 1049 225 ita
1077 188 1328 235 servaverit,
1363 201 1409 230 ut

70 248 264 293 'mortem
293 241 377 280 alio
396 242 518 280 modo
533 239 706 280 evadere
725 250 803 277 non
824 237 975 287 posset:
1006 238 1083 280 Vel
1116 240 1266 278 saltem
1297 255 1411 281 com-

82 292 351 332 miseratione
366 293 512 343 dignus
532 292 720 332 videatur
736 316 749 336 ,
765 292 791 331 si
808 291 831 331 e'
849 293 987 331 somno
1004 292 1315 341 expergeiastus
1332 320 1344 338 ‚
1363 309 1411 335 ac

80 343 229 393 ⁴Populi
247 346 493 384 clamoribus
515 345 745 388 excitatus,
772 353 952 384 armatus
997 344 1127 388 exiit,
1159 352 1205 382 ut
1239 343 1413 386 Consan-

86 396 244 445 guineis
262 409 380 446 opem
402 395 528 439 ferret
545 430 553 437 .

36 447 165 487 Porro
180 451 291 490 nulla
310 477 322 497 ,
348 454 460 497 juxta
490 448 745 490 noviffimam
760 449 860 493 juris
894 448 1093 488 Canonici
1127 448 1375 493 salustionem

89 504 347 543 contrahitur
361 504 644 553 irregularitas
660 505 707 543 ab
721 516 770 544 eo
787 529 799 548 ,
819 502 886 552 qui
907 503 1028 541 aliter
1042 504 1170 541 vitam
1193 503 1300 540 suam
1319 511 1413 540 tue-

88 553 121 591 ri
153 566 231 593 non
261 557 401 595 valens
418 581 430 600 ‚
462 557 742 607 Aggressorem
765 553 1023 594 interfecerit
1041 581 1052 599 ‚
1087 563 1132 593 ut
1168 555 1321 603 legitur
1337 555 1410 593 itu

91 606 266 647 Clement.
275 610 472 658 fiftcriosus
490 611 535 645 de
562 612 730 648 homicid.
751 608 802 646 ibi
833 620 859 640 =
880 610 926 645 Si
932 609 1094 655 furiosus
1112 631 1124 649 ‚
1159 618 1227 644 nat
1260 607 1380 655 infans
1397 634 1411 653 ,

81 659 152 706 seu
166 661 343 698 dormiens
360 663 533 699 hominem
563 661 709 701 mutilet
727 686 740 704 ‚
771 661 831 698 vel
843 663 984 698 occidat
1000 685 1012 704 ‚
1040 660 1176 697 nullam
1203 672 1250 696 ex
1277 663 1340 699 hoc
1355 663 1413 698 ir·

93 711 374 758 regularitatem
389 718 548 753 incurrit
563 729 576 754 3
606 718 654 753 Et
669 716 764 751 idem
781 715 824 749 de
839 713 904 749 illo
932 713 1112 760 censemus
1132 738 1143 758 ,
1176 716 1238 761 qni
1265 724 1414 752 mortem

90 763 204 801 aliter
221 770 346 804 vitare
359 780 427 805 non
447 767 571 805 valens
591 793 603 811 ,
623 768 733 815 ficum
751 767 883 803 occidit
897 790 910 809 ‚
937 758 1002 803 Ael
1012 765 1160 802 mutilat
1177 765 1413 815 invasorem:

92 814 170 854 Sed
186 816 212 853 fi
226 819 486 858 moderamen
508 844 521 862 ‚
538 828 582 857 ut
596 817 949 864 ajunt‚inculpatae
968 819 1112 854 tutelae
1131 823 1207 854 non
1227 816 1415 858 servave-

93 868 149 906 rit
166 894 179 913 ‚
199 878 298 908 tunc
312 871 660 921 irregularitatem
682 870 852 908 incurrit
871 871 955 917 Cap.
975 869 1130 914 utfamae
1151 879 1210 911 35.
1239 872 1283 907 cle
1302 873 1412 910 Sent.

95 933 232 960 excom.
251 946 263 966 ‚
281 932 355 971 cap.
373 928 407 962 S
409 927 424 959 i
436 926 520 962 vera
536 924 612 960 eod.
632 921 823 969 tit.,gloffl
843 924 881 958 in
898 930 972 969 cap.
984 933 996 956 1
1008 926 1043 959 8.
1065 922 1108 959 de
1126 924 1294 961 [omicid.
1315 925 1414 961 verb.

94 975 348 1015 Moderamen.

47 1021 85 1060 Si
103 1033 242 1063 tamen
275 1026 548 1067 homicidium
578 1026 831 1066 commissum
867 1024 990 1064 fuerit
1009 1037 1081 1074 pro
1111 1022 1326 1065 necessaria
1343 1027 1416 1069 de-

95 1075 272 1116 fenlione
293 1078 421 1119 Patris
439 1106 452 1125 ,
469 1079 617 1119 Matris
635 1106 648 1123 ‚
685 1087 754 1118 aut
793 1077 950 1117 Sororis
968 1104 980 1122 ‚
1009 1087 1107 1116 tuuc
1136 1078 1413 1127 irregularitas

93 1131 351 1170 contrahitur
367 1158 379 1177 ‚
410 1141 454 1171 ut
469 1134 594 1171 tradit
613 1132 735 1182 glossa
752 1132 789 1169 in
806 1132 912 1171 dieta
930 1131 1101 1169 Clement.
1121 1134 1216 1168 unic.
1244 1132 1288 1168 de
1307 1133 1422 1167 homi—

93 1182 168 1220 cid.
192 1184 404 1232 verfisnum
418 1211 430 1230 ,
451 1187 488 1224 Sc
509 1194 628 1224 notat
647 1188 802 1223 Navar.
817 1193 893 1233 cap.
917 1197 978 1228 27.
999 1196 1195 1225 numan.
1219 1183 1372 1222 relatus
1395 1195 1415 1220 a

97 1234 262 1283 Fagnan.
280 1237 320 1274 in
336 1247 410 1286 cap.
427 1240 566 1276 Petitio
586 1250 646 1286 24.
665 1240 710 1277 de
727 1239 896 1276 homicid.
910 1249 1050 1277 num.3.
1072 1235 1137 1274 sed
1169 1236 1235 1273 ista
1263 1235 1420 1283 irregu-

92 1287 238 1325 laritas
267 1291 320 1327 est
349 1290 630 1337 dispensabilis
652 1316 664 1334 ‚
696 1287 1041 1340 quemadmodum
1075 1300 1121 1326 ex
1157 1296 1298 1327 mente
1328 1287 1418 1325 Saea

94 1339 216 1383 hujus
245 1339 588 1391 Congregationis
619 1344 804 1394 loquitur
830 1343 993 1389 Fagnan.
1035 1343 1074 1377 in
1104 1341 1139 1379 d.
1169 1349 1245 1391 cap.
1281 1341 1420 1379 Petitio

96 1403 194 1430 num.
217 1403 276 1435 15.
305 1416 318 1435 ‚
342 1393 438 1432 dum
485 1406 607 1444 agens
638 1396 688 1434 de
717 1393 1022 1442 irregularitate
1054 1391 1208 1430 incursa
1264 1405 1285 1430 a
1328 1390 1423 1428 Cle‘

98 1442 195 1482 ricis
216 1468 229 1488 ‚
247 1445 329 1494 ·qui
371 1445 412 1484 in
441 1448 550 1487 bello
575 1447 676 1494 justo
707 1456 863 1487 contra
897 1443 1084 1482 Infideles
1113 1455 1158 1481 ex
1203 1442 1419 1482 necessita-

96 1503 142 1534 te
174 1496 327 1535 hostem
357 1498 587 1539 occiderint
616 1523 629 1541 ³
659 1502 742 1539 haec
772 1500 896 1537 habet
920 1513 947 1534 ε
978 1495 1169 1548 Ejusmodi
1206 1498 1298 1532 enim
1326 1498 1424 1532 irre-

93 1547 278 1597 gularitas
317 1550 366 1600 est
403 1548 654 1601 dispensabilis
692 1553 749 1590 ad*
778 1551 890 1601 instar
916 1549 1015 1586 illius
1061 1575 1075 1594 ‚
1120 1561 1196 1598 qnae
1235 1549 1420 1586 contrahi-

102 1610 168 1637 tur
209 1612 254 1640 ex
289 1603 482 1642 homicidio
514 1608 554 1643 ob
582 1604 811 1653 neceffariam
841 1603 1040 1641 Parentum
1085 1601 1315 1650 defensionem
1345 1623 1357 1642 ‚
1384 1609 1425 1637 ut

102 1654 142 1688 in
186 1653 358 1702 suhiefia*
403 1657 647 1697 declaratione
689 1659 777 1695 Sac.
806 1657 1099 1704 Congregatimis
1140 1653 1292 1691 Com-ilii
1318 1676 1330 1695 ‚
1364 1656 1426 1690 vi-

106 1705 244 1743 delicet
268 1720 314 1744 an
337 1710 536 1748 Concilium
565 1719 639 1758 cap.
662 1721 735 1748 >²17.
759 1707 844 1757 fiff
879 1719 939 1755 24.
969 1707 1056 1742 dum
1107 1709 1184 1754 agit
1224 1706 1270 1742 de
1295 1704 1426 1753 -repel-

103 1756 211 1796 leudo
223 1761 302 1796 vim
315 1764 356 1798 vi
372 1776 394 1799 a
406 1763 554 1810 persona
568 1765 712 1811 propria
728 1788 740 1807 ‚
775 1769 816 1798 ut
831 1756 1089 1806 irregularitas
1097 1759 1147 1807 fit
1163 1756 1415 1806 dispensabilis

105 1812 241 1849 habeat
255 1814 367 1850 etiam
387 1813 503 1853 locum
532 1819 572 1852 in
593 1815 744 1863 persona
778 1813 934 1862 Patris„
962 1812 1003 1849 S.
1023 1813 1258 1859 Congregatio
1289 1808 1427 1857 censuit

103 1863 235 1902 habere
250 1863 367 1903 locum
387 1877 398 1904 ε
430 1869 537 1905 Nam
549 1869 718 1916 permrffio
735 1869 815 1905 vim
833 1870 872 1904 vi
905 1861 1106 1912 repellendi
1126 1888 1139 1908 ,
1169 1865 1212 1906 &⁶
1243 1861 1356 1898 alium
1374 1861 1430 1907 of·-

101 1915 486 1966 fendendipro‘tutela
513 1923 665 1968 corporis
673 1920 737 1968 sui
770 1916 878 1960 iuxta
905 1914 974 1965 leg.
998 1918 1072 1960 &a
1100 1941 1114 1960 ,
1143 1916 1248 1952 habet
1278 1914 1422 1952 locum-2

105 1970 216 2007 etiam
239 1977 303 2018 pro
315 1971 434 2009 tutela
447 1973 576 2010 Patris
592 1998 606 2018 ‚
635 1973 697 2011 vel
726 1972 819 2010 Filii
840 1996 853 2014 ,
891 1971 1031 2006 Matris
1050 1994 1062 2013 ‚
1097 1967 1159 2005 vel
1189 1969 1319 2004 ‘Uxoris
1339 1969 1426 2009 ’ξφα

108 2022 159 2061 Et
170 2019 259 2059 licet
267 2021 384 2071 gloffa
398 2023 559 2064 in'Clem.
582 2027 611 2064 l.
627 2027 674 2062 de
691 2025 859 2063 homicid.
890 2023 993 2060 dicat
1007 2047 1019 2066 ,
1047 2021 1142 2069 quod
1169 2018 1331 2058 Clemens
1365 2032 1431 2056 vo-

110 2074 183 2111 lens
198 2086 282 2111 eum
295 2101 310 2121 ‚
327 2079 390 2125 qui
402 2088 552 2116 mortem
567 2079 676 2116 aliter
692 2078 850 2116 evadere
871 2087 938 2113 non
957 2074 1081 2113 valens
1091 2072 1203 2121 snum
1217 2074 1356 2110 occidit
1377 2075 1435 2107 in-

112 2127 297 2175 wfhrem,
325 2141 392 2166 non
409 2129 477 2177 'effe
491 2131 731 2177 irregularem
744 2155 758 2174 ‚
789 2142 858 2166 non
870 2129 1036 2176 procedit
1049 2129 1089 2163 ia
1110 2126 1229 2162 Patre
1245 2150 1258 2168 ,
1295 2127 1336 2166 ὠ
1367 2122 1399 2158 F
1402 2126 1433 2158 i⁴

116 2178 161 2216 lio
174 2204 189 2224 ,
209 2178 283 2226 sed
294 2189 436 2218 tantum
451 2185 490 2218 in
507 2181 666 2237 ejusdem
679 2182 826 2230 persona
845 2182 990 2228 propria
1009 2206 1019 2216 .
1035 2205 1045 2215 .
1064 2203 1074 2214 .
1094 2188 1106 2213 :
1136 2187 1255 2213 tamen
1272 2176 1371 2211 illud·
1384 2174 1432 2221 est

117 2240 242 2269 verum
259 2234 399 2280 quando
418 2233 582 2271 volumus
612 2235 782 2282 excusare
800 2244 821 2268 a
849 2230 1092 2268 contrahenda
1122 2227 1402 2276 irregularitate
1416 2238 1431 2264 3

119 2280 290 2323 illa-enim
299 2288 410 2322 ctiam
431 2287 508 2336 fine
536 2284 640 2335 culpa
657 2285 885 2324 contrahitur
899 2310 910 2320 .
932 2311 942 2322 .
959 2311 969 2320 .
1000 2282 1042 2318 In
1060 2280 1145 2327 casu
1161 2290 1282 2317 antem
1300 2281 1432 2316 Conci-

120 2333 165 2371 h'i
180 2340 378 2386 nonnagitur
406 2339 453 2377 de
464 2340 667 2388 excusando
683 2365 695 2384 ,
722 2351 766 2376 ne
780 2334 1034 2383 irregularitas
1068 2334 1304 2370 contrahatur
1322 2356 1335 2377 ‚
1362 2330 1433 2379 sed

120 2386 168 2423 de
181 2388 381 2435 exi-*usaiido
410 2401 452 2429 ut
469 2394 706 2430 contrahatur
734 2388 992 2437 irregularitas
1024 2384 1274 2434 dispensabilis
1307 2409 1319 2428 ‚
1350 2386 1437 2432 quia

118 2441 176 2475 vis
194 2439 235 2476 υἱ
251 2441 391 2491 repulsa
405 2444 455 2494 est
469 2470 482 2490 ,
513 2447 557 2488 ὠ·
569 2447 649 2482 ideo
667 2448 705 2481 in
723 2441 881 2482 Concilio
900 2439 1217 2488 comprehenditur
1229 2441 1340 2475 etiam
1354 2444 1436 2485 per-

113 2489 203 2539 ana
218 2491 404 2532 Pamin
422 2521 427 2523 >
1335 2536 1337 2538 Ι
1370 2497 1374 2501 “

70 2543 171 2582 Haec
187 2549 328 2582 autem
340 2549 506 2588 a'ncasui
524 2575 535 2595 ‚
554 2549 607 2589 de
624 2563 702 2601 quo
721 2560 823 2588 nunc
843 2545 978 2593 agitur
993 2569 1006 2589 ‚
1022 2542 1153 2593 aptari
1173 2541 1319 2593 possint
1339 2549 1355 2586 ,·
1381 2539 1442 2578 vi-

126 2596 261 2636 derint
281 2595 361 2635 EE.
377 2596 470 2645 PR,
489 2613 509 2640 a
524 2602 664 2652 quibus
682 2599 997 2647 dijudicandum
1017 2597 1101 2635 erit
1117 2624 1128 2635 .
1347 2597 1351 2604 ⁴

70 2651 144 2687 An
151 2647 381 2700 sitstandum
394 2674 408 2696 ,
442 2652 504 2691 vel
517 2654 756 2695 recedendum
776 2667 796 2691 a
811 2651 936 2698 decisis
953 2653 991 2687 in
1005 2648 1088 2698 casu
1105 2650 1180 2693 &a

226 2753 410 2794 Tom.XL
918 2751 936 2792 1
968 2766 989 2792 a
1301 2746 1445 2789 ANA=
