1924 2970
522 147 814 202 4.·Maj;'1771.·
1313 161 1385 195 107

65 203 227 248 perfunt
246 204 358 242 scuta
383 218 414 246 3.
432 218 494 250 77.
515 203 552 250 ÷
580 229 593 248 ,
612 204 842 242 Canonicus
865 202 1015 242 idcirco
1033 203 1278 241 Bernardim'n
1295 202 1383 240 Mo·

55 253 471 303 J'cJtclliCapellaniae
491 253 673 303 possessor
690 268 793 294 nunc
813 255 964 296 iterum
994 255 1196 302 supplicat
1225 266 1294 302 pro
1318 266 1385 294 re·

64 304 257 347 dustione
273 308 480 347 musarum
498 307 546 345 ad
563 308 870 355 eleemosynam
889 308 1120 346 manualem
1137 333 1149 351 ,
1167 306 1382 345 denarret„

65 368 204 400 tamen
235 362 344 400 sexta
375 361 611 400 reddituum
642 370 757 408 parte
787 372 941 399 annuos
962 361 1084 399 obul.
1103 364 1164 406 87.
1182 359 1381 408 -2-consti-

71 422 215 452 tuente
237 426 306 461 pro
323 412 629 452 necessitatibus
647 412 827 459 Capellae
845 439 857 456 ‚
876 415 913 452 ὃς
932 413 1112 452 Altaris.

16 461 80 501 Ad
106 465 136 504 1.
159 466 291 516 inquit
309 492 321 509 ‚
342 465 520 506 heredes
539 464 759 503 Testatoris
777 468 961 505 taxative
975 465 1139 504 adaetos
1155 476 1174 501 a
1195 463 1385 504 Testato-

68 530 111 556 re
128 517 241 556 fuine
271 519 317 555 ad
337 518 584 557 investienda
603 518 701 556 seut.
722 532 809 560 κς.
845 520 880 555 in
914 527 976 556 tot
1005 517 1124 556 Locis
1147 517 1388 558 Montium-

70 568 211 609 favore
228 571 405 617 Capellae
427 595 438 614 ,
458 579 576 618 prout
596 570 811 619 impletum
827 569 930 609 snit:
953 571 1004 608 Ex
1024 570 1146 609 variis
1165 581 1261 608 vero
1277 572 1387 611 secu-

67 622 123 660 tis
141 621 222 660 LL.
239 622 450 662 Montium
470 622 785 663 extraffionibus
801 649 813 667 ‚
832 635 907 661 nec
927 636 1005 661 non
1032 635 1079 661 ex
1094 622 1299 663 fruc‘tuum
1318 623 1390 662 im-

69 674 305 713 minutione
323 688 369 714 ca
387 676 453 714 vix
474 675 596 713 modo
612 673 780 713 reddere
795 687 926 713 annua
943 675 1055 714 scuta
1086 688 1122 720 5.
1146 687 1204 718 25.
1226 688 1235 715 :
1267 676 1388 714 Porro

71 726 457 775 detrar‘taportione
474 740 545 776 pro
560 727 740 776 Capellae
758 752 769 769 ‚
802 728 840 766 ἃ
868 728 1028 766 Altaris
1044 728 1358 768 manutentione
1374 754 1388 773 ‚

76 790 152 818 nec
172 791 248 818 non
268 791 339 828 pro
357 781 641 820 emolumento
655 778 1094 827 exar‘tionisssupercsse
1112 780 1240 819 solum
1258 793 1389 820 annua

78 831 288 880 sc-3.77.÷
304 862 313 871 .
329 832 432 871 Cum
453 834 545 872 ideo
563 832 630 871 hic
643 840 865 880 proventus
883 833 1003 880 longe
1016 832 1146 879 impar
1160 833 1207 870 sit
1225 834 1273 871 ad
1289 845 1390 872 onus

76 882 291 923 Missarum
310 897 370 926 50.
389 884 644 934 implendum
662 907 675 928 ‚
694 883 922 931 pernecesse
941 885 1057 922 locus
1090 884 1137 923 fit
1157 883 1387 925 reductioni

79 936 128 974 ad
148 937 348 975 rationem
366 935 632 987 eleemosynq:
650 936 850 974 manualis
869 965 878 975 .

26 985 93 1026 Ad
114 988 165 1027 ΙΙ.
187 988 480 1034 advertit,rem
498 989 573 1027 effe
589 987 640 1026 de
658 987 975 1033 manutenenda,
995 989 1033 1028 8(
1051 989 1303 1028 restauranda
1319 989 1393 1029 Ca-

79 1040 188 1089 pella
207 1053 228 1078 a
247 1039 456 1081 Testatore
475 1041 716 1083 consti-ueta,
735 1040 774 1078 in
792 1041 906 1086 cujus
921 1041 1186 1080 commodum
1205 1042 1286 1089 ipse
1301 1054 1394 1082 ero-

75 1092 252 1141 gandum
272 1093 382 1138 jussit
396 1094 610 1144 quotannis
627 1093 787 1132 scutum
803 1094 1092 1138 unum,&hanc
1107 1094 1307 1134 summam
1322 1107 1395 1135 nec

76 1156 217 1192 parem
235 1145 402 1195 quidem
417 1145 493 1185 esse
512 1144 816 1185 necessitatibus
847 1145 958 1184 illius
974 1171 987 1191 ‚
1017 1146 1083 1185 vel
1109 1145 1247 1197 itaque
1278 1147 1399 1186 redu-

79 1196 250 1236 cendam
277 1210 355 1236 non
387 1195 463 1237 effe
481 1223 495 1242 ,
525 1198 591 1237 vel
619 1197 764 1236 saltem
782 1197 830 1237 ad
848 1199 1001 1237 sextam
1028 1198 1185 1238 reditus
1205 1209 1366 1245 partem
1383 1223 1397 1244 ‚

80 1260 164 1298 quae
182 1249 232 1288 ad
257 1251 398 1289 obulos
431 1255 494 1297 87.
514 1248 552 1300 ÷
580 1249 762 1289 ascendit
780 1275 792 1296 ,
809 1250 950 1290 reduci
971 1260 1134 1291 tantum
1151 1251 1255 1300 posse
1270 1282 1280 1292 .

27 1299 151 1339 limus
166 1301 296 1340 Abbas
315 1301 439 1342 refert
456 1305 682 1343 Oratorem
697 1300 904 1348 assentiri,
935 1315 986 1342 ne
1014 1303 1259 1344 detrahatur
1290 1319 1400 1346 mer-

81 1365 147 1392 ces
167 1355 361 1393 exatfforis
379 1381 392 1399 ‚
423 1368 468 1393 ac
497 1356 634 1394 censet
652 1354 943 1405 indulgendam
975 1355 1051 1395 esse
1084 1357 1258 1405 petitam
1278 1358 1400 1399 redu-

78 1405 322 1455 &ionem20b
338 1420 485 1446 novam
502 1434 513 1451 ‚
528 1421 613 1456 qux
631 1408 712 1455 post
728 1419 878 1447 annum
899 1422 1012 1457 1704.
1046 1410 1187 1449 evenit
1217 1411 1400 1450 diminu-

82 1457 243 1497 tionem
273 1457 479 1498 frur‘tuum
498 1459 578 1498 LL.
596 1458 834 1498 Montium5
865 1461 1041 1498 maxime
1072 1461 1167 1509 quia
1197 1462 1399 1502 Patronus

79 1508 327 1558 Capeliani-x
342 1511 570 1559 plenissime
590 1510 794 1549 consentit
811 1539 820 1549 .
842 1510 888 1550 Et
908 1512 1095 1561 quamvis
1124 1513 1163 1550 in
1194 1513 1394 1563 antiqua-„-

83 1560 302 1601 Missarum
319 1563 558 1602 reduerione
577 1563 728 1602 intaeta
745 1563 985 1610 praeservata
1006 1562 1133 1603 fuerit
1147 1566 1403 1605 contributio

78 1615 183 1663 scuti
199 1619 303 1653 unius
322 1626 391 1662 pro
409 1614 569 1654 Altaris
589 1641 601 1659 ,
619 1615 657 1652 Sc
676 1615 801 1652 Sacrx
821 1615 1099 1661 Supellee‘tilis
1128 1617 1407 1656 conservatio·

90 1679 142 1705 ne
161 1690 173 1710 ‚
204 1676 323 1716 putat
341 1677 480 1707 tamen
498 1692 511 1711 ‚
543 1677 585 1704 ut
609 1665 812 1713 decrescere
827 1665 1132 1715 debeatstabilita
1147 1674 1328 1718 quantitas
1338 1680 1401 1719 pro

87 1719 246 1757 Altaris
263 1745 275 1764 ,
293 1723 336 1764 ὠ·
352 1722 474 1757 Sacrae
490 1718 732 1767 Supelleffilis
763 1719 1033 1766 conservatione
1059 1719 1109 1755 ad
1134 1722 1310 1757 rationem
1340 1725 1407 1759 de-

87 1774 261 1809 crementi
274 1774 384 1809 totius
400 1774 510 1808 annui
526 1773 664 1808 redttus
680 1800 690 1809 .
723 1770 807 1808 Ideo
810 1771 990 1820 siquidem
1022 1771 1220 1819 destinavit
1251 1774 1409 1823 Testator

77 1823 227 1875 fiutum
240 1836 350 1862 unum
370 1833 433 1873 pro
447 1823 602 1861 Altaris
620 1823 888 1869 conservatione
904 1849 918 1869 ‚
939 1826 1023 1873 quia
1040 1832 1119 1861 tum
1156 1838 1264 1874 quum
1279 1827 1412 1864 volun-

87 1886 200 1915 tatem
207 1877 315 1923 suam
320 1876 498 1925 supremis
515 1875 651 1912 tabulis
667 1876 891 1924 conſsgnavit
907 1902 919 1921 ,
942 1878 1016 1915 LL.
1037 1878 1223 1914 Montium
1243 1877 1414 1927 Capella-

87 1932 158 1967 πλε
171 1929 408 1977 adscribenda
423 1930 622 1966 reddebant
641 1941 687 1965 ex
706 1942 820 1965 annuo
830 1929 1082 1976 faenorescuta
1099 1930 1268 1966 undecim
1288 1959 1297 1968 .
1317 1932 1407 1969 Cum

84 1991 206 2020 autem
221 1981 329 2018 hodie
339 1982 497 2019 reddant
503 1981 611 2028 scuta
630 1990 663 2022 5.
680 1993 699 2017 2
708 1992 743 2022 5.
764 2004 776 2023 ,
794 1984 979 2029 quantitas
999 1982 1082 2019 hinc
1093 1991 1156 2028 pro
1173 1981 1305 2021 Altam·
1320 2008 1331 2027 ,
1360 1986 1402 2026 ξς·

87 2032 320 2083 Supellefflh'
334 2037 406 2071 erit
422 2033 605 2073 obulorum
619 2034 767 2072 circiter
784 2046 849 2083 47.
869 2045 903 2077 3.
922 2058 934 2079 ,
961 2046 1038 2085 quae
1063 2033 1110 2083 est
1127 2035 1320 2074 undecima
1349 2046 1404 2073 ta-

90 2089 161 2125 tius
178 2089 288 2124 annui
302 2088 440 2124 reditus
458 2115 468 2126 .

40 2133 230 2179 Testator
255 2150 358 2177 onus
388 2138 613 2178 haeredibus
631 2137 808 2185 injunxit
836 2139 1036 2178 summam
1064 2139 1163 2179 scut.
1184 2151 1274 2184 225.
1301 2140 1411 2181 inve⁴

90 2190 232 2229 stiendi
262 2190 403 2230 favore
420 2191 599 2240 Capellae
620 2193 656 2228 in
674 2200 738 2230 tot
757 2190 879 2229 Locis
910 2190 1121 2230 Montium
1140 2215 1152 2234 ‚
1171 2193 1236 2230 cui
1255 2192 1407 2232 distam

92 2243 288 2282 summam
306 2243 462 2292 legavit
479 2272 488 2282 .
507 2241 674 2291 Ambigi
693 2252 833 2282 autem
850 2243 998 2291 nequit
1024 2241 1176 2282 dietam
1211 2244 1408 2284 summam

94 2296 274 2335 taxative
290 2293 404 2334 fuisse
423 2295 613 2334 reliRam
626 2295 752 2334 :Hinc
770 2307 862 2332 eum
882 2294 1003 2333 hodie
1017 2294 1172 2335 fruetus
1191 2295 1413 2336 LL.M0n-

95 2345 199 2384 tium
215 2347 388 2395 impares
406 2349 479 2386 sint
495 2348 544 2386 ad
560 2360 662 2386 onus
681 2347 890 2385 Miffarum
909 2344 1122 2387 ferendum
1143 2374 1155 2393 ,
1186 2350 1300 2387 locus
1336 2350 1414 2388 csse

99 2396 218 2438 debet
247 2399 474 2440 reductioni
500 2400 620 2449 leg.fi
643 2402 721 2448 quis
748 2400 793 2436 de
816 2399 970 2448 legana·
989 2424 1003 2444 ‚
1033 2400 1071 2441 ὅ(
1104 2400 1189 2442 Sac.
1218 2401 1348 2452 Cong.
1372 2414 1411 2442 in

99 2447 346 2491 Mediolanen.
365 2456 481 2493 oneris
497 2452 695 2501 Miffiarum
726 2465 760 2490 2.
779 2451 881 2502 Julii
900 2458 1014 2498 1718.

48 2500 96 2540 ld
114 2500 252 2552 itaque
267 2506 385 2544 unice
403 2505 688 2556 inquirendum
706 2530 719 2549 ‚
739 2517 824 2555 quae
843 2505 981 2550 pomo
995 2517 1067 2553 pro
1095 2507 1408 2548 conservatione

97 2554 259 2592 Altaris
286 2556 332 2593 fit
347 2557 623 2604 praescrvanda
641 2586 651 2598 .
686 2557 789 2596 Sane
809 2556 1000 2597 Testator
1030 2556 1244 2605 Capellam
1273 2569 1413 2600 extru-

94 2606 159 2644 xit
179 2631 192 2651 ,
222 2606 260 2645 &
293 2617 363 2653 pro
389 2610 567 2654 ejusdem
583 2609 896 2649 conservatione
913 2620 1092 2647 annuum
1124 2611 1414 2661 scutumlega·

94 2658 159 2696 vit
178 2687 187 2696 .
206 2656 438 2697 Videndum
457 2661 697 2707 proind'e‚an
717 2660 940 2700 verosimili
961 2658 1186 2702 Testatoris
1204 2665 1412 2703 voluntati

98 2711 317 2749 consonum
337 2710 381 2748 fit
401 2714 533 2760 potjus
565 2714 727 2753 dictum?
747 2725 927 2753 annuum
955 2712 1115 2753 scutum
1146 2716 1382 2768 preservare
1399 2740 1413 2760 ‚

203 2760 392 2802 Tom.XL.
850 2766 890 2806 O
924 2779 943 2804 a
1295 2780 1416 2818 quam
