<?xml version="1.0" encoding="UTF-8"?>
<!DOCTYPE html PUBLIC "-//W3C//DTD XHTML 1.0 Transitional//EN"
    "http://www.w3.org/TR/xhtml1/DTD/xhtml1-transitional.dtd">
<html xmlns="http://www.w3.org/1999/xhtml" xml:lang="en" lang="en">
 <head>
  <title>
</title>
<meta http-equiv="Content-Type" content="text/html;charset=utf-8" />
  <meta name='ocr-system' content='tesseract 3.04.00' />
  <meta name='ocr-capabilities' content='ocr_page ocr_carea ocr_par ocr_line ocrx_word'/>
</head>
<body>
  <div class='ocr_page' id='page_1' title='image "./thesaurusresolut40cath_0502.png"; bbox 0 0 1924 2970; ppageno 0'>
   <div class='ocr_carea' id='block_1_1' title="bbox 509 76 1854 337">
    <p class='ocr_par' dir='ltr' id='par_1_1' title="bbox 515 76 1774 123">
     <span class='ocr_line' id='line_1_1' title="bbox 515 76 1774 123; baseline -0.002 -5"><span class='ocrx_word' id='word_1_1' title='bbox 515 83 594 119; x_wconf 81' lang='lat'>216</span> <span class='ocrx_word' id='word_1_2' title='bbox 996 89 1056 115; x_wconf 82' lang='lat'>21.</span> <span class='ocrx_word' id='word_1_3' title='bbox 1073 76 1302 114; x_wconf 72' lang='lat' dir='ltr'>Novembris</span> <span class='ocrx_word' id='word_1_4' title='bbox 1324 89 1440 123; x_wconf 85' lang='lat'><strong>¹772·</strong></span> <span class='ocrx_word' id='word_1_5' title='bbox 1764 111 1774 119; x_wconf 66' lang='grc'>,</span> 
     </span>
    </p>

    <p class='ocr_par' dir='ltr' id='par_1_2' title="bbox 509 126 1854 337">
     <span class='ocr_line' id='line_1_2' title="bbox 509 126 1836 181; baseline -0.003 -12"><span class='ocrx_word' id='word_1_6' title='bbox 509 133 632 181; x_wconf 75' lang='lat' dir='ltr'>ringh.</span> <span class='ocrx_word' id='word_1_7' title='bbox 661 131 767 171; x_wconf 85' lang='lat' dir='ltr'>lib.3.</span> <span class='ocrx_word' id='word_1_8' title='bbox 787 126 871 181; x_wconf 82' lang='lat' dir='ltr'>jur.</span> <span class='ocrx_word' id='word_1_9' title='bbox 906 129 994 168; x_wconf 83' lang='lat' dir='ltr'>Can.</span> <span class='ocrx_word' id='word_1_10' title='bbox 1024 131 1158 176; x_wconf 79' lang='lat' dir='ltr'>tit.48.</span> <span class='ocrx_word' id='word_1_11' title='bbox 1188 133 1352 167; x_wconf 82' lang='lat' dir='ltr'>num.16.</span> <span class='ocrx_word' id='word_1_12' title='bbox 1373 153 1386 172; x_wconf 83' lang='lat'>‚</span> <span class='ocrx_word' id='word_1_13' title='bbox 1417 126 1566 174; x_wconf 73' lang='lat' dir='ltr'>Barbas.</span> <span class='ocrx_word' id='word_1_14' title='bbox 1598 129 1643 165; x_wconf 84' lang='lat' dir='ltr'>de</span> <span class='ocrx_word' id='word_1_15' title='bbox 1664 126 1836 168; x_wconf 63' lang='lat' dir='ltr'>Parocb’s</span> 
     </span>
     <span class='ocr_line' id='line_1_3' title="bbox 513 177 1845 232; baseline -0.002 -11"><span class='ocrx_word' id='word_1_16' title='bbox 513 193 578 232; x_wconf 82' lang='lat' dir='ltr'>cap</span> <span class='ocrx_word' id='word_1_17' title='bbox 601 195 662 225; x_wconf 88' lang='lat'>13.</span> <span class='ocrx_word' id='word_1_18' title='bbox 682 195 850 221; x_wconf 58' lang='lat' dir='ltr'>numum.</span> <span class='ocrx_word' id='word_1_19' title='bbox 868 207 881 227; x_wconf 91' lang='lat'>,</span> <span class='ocrx_word' id='word_1_20' title='bbox 909 181 977 230; x_wconf 84' lang='lat' dir='ltr'>qui</span> <span class='ocrx_word' id='word_1_21' title='bbox 998 180 1057 219; x_wconf 93' lang='lat' dir='ltr'>ita</span> <span class='ocrx_word' id='word_1_22' title='bbox 1085 179 1270 218; x_wconf 86' lang='lat' dir='ltr'>decisum</span> <span class='ocrx_word' id='word_1_23' title='bbox 1289 178 1408 219; x_wconf 78' lang='lat' dir='ltr'>fnisse</span> <span class='ocrx_word' id='word_1_24' title='bbox 1435 177 1571 219; x_wconf 71' lang='lat' dir='ltr'>asserit</span> <span class='ocrx_word' id='word_1_25' title='bbox 1604 181 1650 218; x_wconf 88' lang='lat' dir='ltr'>ab</span> <span class='ocrx_word' id='word_1_26' title='bbox 1679 182 1752 220; x_wconf 90' lang='lat' dir='ltr'>hac</span> <span class='ocrx_word' id='word_1_27' title='bbox 1806 180 1845 219; x_wconf 89' lang='lat' dir='ltr'>S.</span> 
     </span>
     <span class='ocr_line' id='line_1_4' title="bbox 512 232 1854 285; baseline -0.003 -11"><span class='ocrx_word' id='word_1_28' title='bbox 512 235 850 285; x_wconf 77' lang='lat' dir='ltr'>congregatione</span> <span class='ocrx_word' id='word_1_29' title='bbox 890 263 899 272; x_wconf 92' lang='lat'><strong><em>.</em></strong></span> <span class='ocrx_word' id='word_1_30' title='bbox 931 232 1167 272; x_wconf 76' lang='lat' dir='ltr'>Videndum</span> <span class='ocrx_word' id='word_1_31' title='bbox 1205 241 1344 272; x_wconf 89' lang='lat' dir='ltr'>tamen</span> <span class='ocrx_word' id='word_1_32' title='bbox 1380 257 1394 277; x_wconf 86' lang='lat'><strong>‚</strong></span> <span class='ocrx_word' id='word_1_33' title='bbox 1423 243 1472 270; x_wconf 84' lang='lat' dir='ltr'>an</span> <span class='ocrx_word' id='word_1_34' title='bbox 1505 232 1663 272; x_wconf 89' lang='lat' dir='ltr'>reditus</span> <span class='ocrx_word' id='word_1_35' title='bbox 1684 233 1854 271; x_wconf 88' lang='lat' dir='ltr'>Archi--</span> 
     </span>
     <span class='ocr_line' id='line_1_5' title="bbox 515 283 1840 337; baseline -0.004 -11"><span class='ocrx_word' id='word_1_36' title='bbox 515 287 829 337; x_wconf 75' lang='lat' dir='ltr'>praesbyterales</span> <span class='ocrx_word' id='word_1_37' title='bbox 859 285 1078 334; x_wconf 79' lang='lat' dir='ltr'>suppetant</span> <span class='ocrx_word' id='word_1_38' title='bbox 1105 310 1120 331; x_wconf 88' lang='lat'>‚</span> <span class='ocrx_word' id='word_1_39' title='bbox 1151 293 1195 324; x_wconf 93' lang='lat' dir='ltr'>ut</span> <span class='ocrx_word' id='word_1_40' title='bbox 1226 284 1276 323; x_wconf 82' lang='lat' dir='ltr'>ad</span> <span class='ocrx_word' id='word_1_41' title='bbox 1306 286 1406 332; x_wconf 79' lang='lat' dir='ltr'>juris</span> <span class='ocrx_word' id='word_1_42' title='bbox 1449 285 1643 324; x_wconf 83' lang='lat' dir='ltr'>tramites</span> <span class='ocrx_word' id='word_1_43' title='bbox 1678 283 1840 324; x_wconf 87' lang='lat' dir='ltr'>definiri</span> 
     </span>
    </p>
   </div>
   <div class='ocr_carea' id='block_1_2' title="bbox 465 342 1842 444">
    <p class='ocr_par' dir='ltr' id='par_1_3' title="bbox 465 342 1842 444">
     <span class='ocr_line' id='line_1_6' title="bbox 465 342 1842 444; baseline -0.004 -13"><span class='ocrx_word' id='word_1_44' title='bbox 465 342 702 441; x_wconf 39' lang='lat' dir='ltr'>Agiiigatab</span> <span class='ocrx_word' id='word_1_45' title='bbox 720 405 825 443; x_wconf 79' lang='lat' dir='ltr'>quem</span> <span class='ocrx_word' id='word_1_46' title='bbox 831 391 969 444; x_wconf 71' lang='lat' dir='ltr'>spef&#39;t&#39;et</span> <span class='ocrx_word' id='word_1_47' title='bbox 981 393 1163 444; x_wconf 81' lang='lat' dir='ltr'><em>reparatio</em></span> <span class='ocrx_word' id='word_1_48' title='bbox 1192 389 1331 431; x_wconf 73' lang='lat' dir='ltr'>Domus</span> <span class='ocrx_word' id='word_1_49' title='bbox 1359 389 1743 442; x_wconf 65' lang='lat' dir='ltr'>Archipresbyteralis</span> <span class='ocrx_word' id='word_1_50' title='bbox 1766 391 1842 426; x_wconf 73' lang='grc' dir='ltr'><em>ἱη..,</em></span> 
     </span>
    </p>
   </div>
   <div class='ocr_carea' id='block_1_3' title="bbox 569 448 745 497">
    <p class='ocr_par' dir='ltr' id='par_1_4' title="bbox 569 448 745 497">
     <span class='ocr_line' id='line_1_7' title="bbox 569 448 745 497; baseline -0.011 -9"><span class='ocrx_word' id='word_1_51' title='bbox 569 448 653 497; x_wconf 81' lang='lat' dir='ltr'>casu</span> <span class='ocrx_word' id='word_1_52' title='bbox 669 449 745 493; x_wconf 58' lang='lat' dir='ltr'>&amp;a</span> 
     </span>
    </p>
   </div>
   <div class='ocr_carea' id='block_1_4' title="bbox 80 601 1893 2801">
    <p class='ocr_par' dir='ltr' id='par_1_5' title="bbox 80 601 1893 1380">
     <span class='ocr_line' id='line_1_8' title="bbox 112 601 1856 694; baseline -0.002 -50"><span class='ocrx_word' id='word_1_53' title='bbox 112 606 281 657; x_wconf 46' lang='grc' dir='ltr'>Βαβαῖ.</span> <span class='ocrx_word' id='word_1_54' title='bbox 310 606 427 660; x_wconf 45' lang='grc' dir='ltr'>οαρμῄ.</span> <span class='ocrx_word' id='word_1_55' title='bbox 460 602 743 694; x_wconf 74' lang='lat' dir='ltr'>AQJEN.</span> <span class='ocrx_word' id='word_1_56' title='bbox 777 601 1198 644; x_wconf 83' lang='lat' dir='ltr'>REDUCTlONIS.</span> <span class='ocrx_word' id='word_1_57' title='bbox 1232 604 1275 644; x_wconf 90' lang='lat' dir='ltr'>In</span> <span class='ocrx_word' id='word_1_58' title='bbox 1296 604 1473 645; x_wconf 81' lang='lat' dir='ltr'>Ecclefia</span> <span class='ocrx_word' id='word_1_59' title='bbox 1502 603 1638 644; x_wconf 71' lang='lat' dir='ltr'>Beata:</span> <span class='ocrx_word' id='word_1_60' title='bbox 1657 602 1856 653; x_wconf 80' lang='lat' dir='ltr'>Virginis—</span> 
     </span>
     <span class='ocr_line' id='line_1_9' title="bbox 80 655 1848 708; baseline -0.002 -11"><span class='ocrx_word' id='word_1_61' title='bbox 80 658 130 698; x_wconf 70' lang='lat' dir='ltr'>de</span> <span class='ocrx_word' id='word_1_62' title='bbox 148 660 318 708; x_wconf 65' lang='lat' dir='ltr'>Reform</span> <span class='ocrx_word' id='word_1_63' title='bbox 509 685 519 693; x_wconf 79' lang='grc'><strong><em>.</em></strong></span> <span class='ocrx_word' id='word_1_64' title='bbox 582 658 801 701; x_wconf 87' lang='lat' dir='ltr'>Dolorum‚</span> <span class='ocrx_word' id='word_1_65' title='bbox 821 668 941 706; x_wconf 86' lang='lat' dir='ltr'>quam</span> <span class='ocrx_word' id='word_1_66' title='bbox 961 657 1000 694; x_wconf 91' lang='lat' dir='ltr'>iii</span> <span class='ocrx_word' id='word_1_67' title='bbox 1019 655 1150 706; x_wconf 86' lang='lat' dir='ltr'>Burgo</span> <span class='ocrx_word' id='word_1_68' title='bbox 1167 657 1316 703; x_wconf 85' lang='lat' dir='ltr'>Majori</span> <span class='ocrx_word' id='word_1_69' title='bbox 1337 658 1538 697; x_wconf 86' lang='lat' dir='ltr'>Civitatis</span> <span class='ocrx_word' id='word_1_70' title='bbox 1557 657 1752 708; x_wconf 85' lang='lat' dir='ltr'>Aquensis</span> <span class='ocrx_word' id='word_1_71' title='bbox 1770 666 1848 694; x_wconf 75' lang='lat' dir='ltr'>aere</span> 
     </span>
     <span class='ocr_line' id='line_1_10' title="bbox 514 709 1843 762; baseline -0.003 -12"><span class='ocrx_word' id='word_1_72' title='bbox 514 711 682 762; x_wconf 83' lang='lat' dir='ltr'>proprio</span> <span class='ocrx_word' id='word_1_73' title='bbox 711 710 984 749; x_wconf 70' lang='lat' dir='ltr'>‹edificaverat</span> <span class='ocrx_word' id='word_1_74' title='bbox 1003 709 1066 748; x_wconf 92' lang='lat' dir='ltr'>bo.</span> <span class='ocrx_word' id='word_1_75' title='bbox 1087 723 1209 750; x_wconf 87' lang='lat' dir='ltr'>mem.</span> <span class='ocrx_word' id='word_1_76' title='bbox 1225 710 1402 750; x_wconf 78' lang='lat' dir='ltr'>Carolus</span> <span class='ocrx_word' id='word_1_77' title='bbox 1419 710 1626 749; x_wconf 86' lang='lat' dir='ltr'>Antonius</span> <span class='ocrx_word' id='word_1_78' title='bbox 1648 709 1843 748; x_wconf 76' lang='lat' dir='ltr'>Gozanus</span> 
     </span>
     <span class='ocr_line' id='line_1_11' title="bbox 514 761 1844 812; baseline -0.005 -8"><span class='ocrx_word' id='word_1_79' title='bbox 514 763 699 809; x_wconf 86' lang='lat' dir='ltr'>ejusdem</span> <span class='ocrx_word' id='word_1_80' title='bbox 729 761 929 801; x_wconf 85' lang='lat' dir='ltr'>Civitatis</span> <span class='ocrx_word' id='word_1_81' title='bbox 955 762 1059 800; x_wconf 89' lang='lat' dir='ltr'>olim</span> <span class='ocrx_word' id='word_1_82' title='bbox 1089 763 1307 812; x_wconf 75' lang='lat' dir='ltr'>Episcopus</span> <span class='ocrx_word' id='word_1_83' title='bbox 1333 789 1346 808; x_wconf 90' lang='lat'>‚</span> <span class='ocrx_word' id='word_1_84' title='bbox 1384 762 1637 802; x_wconf 78' lang='lat' dir='ltr'>Beneficium</span> <span class='ocrx_word' id='word_1_85' title='bbox 1665 761 1844 800; x_wconf 85' lang='lat' dir='ltr'>instituit</span> 
     </span>
     <span class='ocr_line' id='line_1_12' title="bbox 515 811 1846 866; baseline -0.004 -11"><span class='ocrx_word' id='word_1_86' title='bbox 515 828 620 856; x_wconf 87' lang='lat' dir='ltr'>anno</span> <span class='ocrx_word' id='word_1_87' title='bbox 658 825 768 862; x_wconf 77' lang='lat'>17²0.</span> <span class='ocrx_word' id='word_1_88' title='bbox 799 839 812 858; x_wconf 80' lang='grc'><em>,</em></span> <span class='ocrx_word' id='word_1_89' title='bbox 839 826 931 854; x_wconf 83' lang='lat' dir='ltr'>curn</span> <span class='ocrx_word' id='word_1_90' title='bbox 959 828 1085 854; x_wconf 85' lang='lat' dir='ltr'>onere</span> <span class='ocrx_word' id='word_1_91' title='bbox 1109 811 1235 854; x_wconf 68' lang='lat' dir='ltr'>Miffie</span> <span class='ocrx_word' id='word_1_92' title='bbox 1265 815 1513 866; x_wconf 69' lang='lat' dir='ltr'>quotidiana:</span> <span class='ocrx_word' id='word_1_93' title='bbox 1543 827 1564 853; x_wconf 88' lang='lat' dir='ltr'>a</span> <span class='ocrx_word' id='word_1_94' title='bbox 1593 812 1846 854; x_wconf 88' lang='lat' dir='ltr'>Beneficiato</span> 
     </span>
     <span class='ocr_line' id='line_1_13' title="bbox 515 867 1844 920; baseline -0.003 -11"><span class='ocrx_word' id='word_1_95' title='bbox 515 882 588 920; x_wconf 85' lang='lat' dir='ltr'>per</span> <span class='ocrx_word' id='word_1_96' title='bbox 608 869 647 908; x_wconf 88' lang='lat' dir='ltr'>se</span> <span class='ocrx_word' id='word_1_97' title='bbox 668 868 791 916; x_wconf 85' lang='lat' dir='ltr'>ipsum</span> <span class='ocrx_word' id='word_1_98' title='bbox 809 868 1078 913; x_wconf 80' lang='lat' dir='ltr'>celebrandae,</span> <span class='ocrx_word' id='word_1_99' title='bbox 1096 867 1234 907; x_wconf 85' lang='lat' dir='ltr'>addita</span> <span class='ocrx_word' id='word_1_100' title='bbox 1255 867 1415 917; x_wconf 86' lang='lat' dir='ltr'>insuper</span> <span class='ocrx_word' id='word_1_101' title='bbox 1430 868 1568 908; x_wconf 88' lang='lat' dir='ltr'>eidem</span> <span class='ocrx_word' id='word_1_102' title='bbox 1586 867 1844 918; x_wconf 76' lang='lat' dir='ltr'>obligatione</span> 
     </span>
     <span class='ocr_line' id='line_1_14' title="bbox 517 918 1849 970; baseline -0.004 -8"><span class='ocrx_word' id='word_1_103' title='bbox 517 921 848 962; x_wconf 86' lang='lat' dir='ltr'>Sacramentales</span> <span class='ocrx_word' id='word_1_104' title='bbox 866 919 1071 959; x_wconf 72' lang='lat' dir='ltr'>Fidelium</span> <span class='ocrx_word' id='word_1_105' title='bbox 1090 919 1369 960; x_wconf 82' lang='lat' dir='ltr'>Confeffiones</span> <span class='ocrx_word' id='word_1_106' title='bbox 1386 920 1604 970; x_wconf 85' lang='lat' dir='ltr'>designatis</span> <span class='ocrx_word' id='word_1_107' title='bbox 1625 918 1849 958; x_wconf 51' lang='lat' dir='ltr'>diebusexe</span> 
     </span>
     <span class='ocr_line' id='line_1_15' title="bbox 516 971 1849 1021; baseline -0.005 -7"><span class='ocrx_word' id='word_1_108' title='bbox 516 973 700 1021; x_wconf 85' lang='lat' dir='ltr'>cipiendi</span> <span class='ocrx_word' id='word_1_109' title='bbox 719 1004 728 1013; x_wconf 88' lang='lat'><em>.</em></span> <span class='ocrx_word' id='word_1_110' title='bbox 761 972 915 1012; x_wconf 88' lang='lat' dir='ltr'>Dotem</span> <span class='ocrx_word' id='word_1_111' title='bbox 936 971 1129 1012; x_wconf 85' lang='lat' dir='ltr'>Beneficii</span> <span class='ocrx_word' id='word_1_112' title='bbox 1157 974 1369 1013; x_wconf 88' lang='lat' dir='ltr'>constituit</span> <span class='ocrx_word' id='word_1_113' title='bbox 1390 974 1429 1011; x_wconf 90' lang='lat' dir='ltr'>in</span> <span class='ocrx_word' id='word_1_114' title='bbox 1472 973 1591 1012; x_wconf 87' lang='lat' dir='ltr'>censu</span> <span class='ocrx_word' id='word_1_115' title='bbox 1627 971 1849 1017; x_wconf 82' lang='lat' dir='ltr'>duplarum</span> 
     </span>
     <span class='ocr_line' id='line_1_16' title="bbox 517 1023 1850 1075; baseline -0.004 -10"><span class='ocrx_word' id='word_1_116' title='bbox 517 1027 817 1075; x_wconf 80' lang='lat' dir='ltr'>hispanicarum</span> <span class='ocrx_word' id='word_1_117' title='bbox 840 1037 958 1069; x_wconf 74' lang='lat'>2502,</span> <span class='ocrx_word' id='word_1_118' title='bbox 987 1038 1033 1064; x_wconf 86' lang='lat' dir='ltr'>ex</span> <span class='ocrx_word' id='word_1_119' title='bbox 1050 1025 1194 1074; x_wconf 83' lang='lat' dir='ltr'>quibus</span> <span class='ocrx_word' id='word_1_120' title='bbox 1209 1038 1342 1064; x_wconf 89' lang='lat' dir='ltr'>annua</span> <span class='ocrx_word' id='word_1_121' title='bbox 1370 1026 1481 1065; x_wconf 88' lang='lat' dir='ltr'>scuta</span> <span class='ocrx_word' id='word_1_122' title='bbox 1511 1023 1752 1074; x_wconf 86' lang='lat' dir='ltr'>quindecim</span> <span class='ocrx_word' id='word_1_123' title='bbox 1783 1033 1850 1060; x_wconf 84' lang='lat' dir='ltr'>re·</span> 
     </span>
     <span class='ocr_line' id='line_1_17' title="bbox 516 1075 1893 1126; baseline -0.004 -7"><span class='ocrx_word' id='word_1_124' title='bbox 516 1080 812 1120; x_wconf 77' lang='lat' dir='ltr'>trahebantur:</span> <span class='ocrx_word' id='word_1_125' title='bbox 844 1077 1085 1126; x_wconf 85' lang='lat' dir='ltr'>Deindeque</span> <span class='ocrx_word' id='word_1_126' title='bbox 1103 1078 1232 1116; x_wconf 82' lang='lat' dir='ltr'>alium</span> <span class='ocrx_word' id='word_1_127' title='bbox 1258 1080 1424 1116; x_wconf 88' lang='lat' dir='ltr'>censum</span> <span class='ocrx_word' id='word_1_128' title='bbox 1457 1075 1673 1125; x_wconf 73' lang='lat' dir='ltr'>assignavit</span> <span class='ocrx_word' id='word_1_129' title='bbox 1703 1075 1850 1122; x_wconf 83' lang='lat' dir='ltr'>dupla·</span> <span class='ocrx_word' id='word_1_130' title='bbox 1883 1100 1893 1107; x_wconf 75' lang='lat'><em>.</em></span> 
     </span>
     <span class='ocr_line' id='line_1_18' title="bbox 516 1128 1850 1178; baseline -0.004 -8"><span class='ocrx_word' id='word_1_131' title='bbox 516 1144 605 1171; x_wconf 87' lang='lat' dir='ltr'>rum</span> <span class='ocrx_word' id='word_1_132' title='bbox 628 1142 690 1175; x_wconf 87' lang='lat'>50.</span> <span class='ocrx_word' id='word_1_133' title='bbox 708 1157 721 1176; x_wconf 94' lang='lat'>‚</span> <span class='ocrx_word' id='word_1_134' title='bbox 747 1131 953 1175; x_wconf 73' lang='lat' dir='ltr'>animique</span> <span class='ocrx_word' id='word_1_135' title='bbox 974 1130 1131 1167; x_wconf 83' lang='lat' dir='ltr'>reditus</span> <span class='ocrx_word' id='word_1_136' title='bbox 1149 1128 1369 1169; x_wconf 72' lang='lat' dir='ltr'>duplarum</span> <span class='ocrx_word' id='word_1_137' title='bbox 1388 1128 1516 1168; x_wconf 85' lang='lat' dir='ltr'>trium</span> <span class='ocrx_word' id='word_1_138' title='bbox 1538 1153 1551 1172; x_wconf 91' lang='lat'>‚</span> <span class='ocrx_word' id='word_1_139' title='bbox 1588 1139 1686 1178; x_wconf 82' lang='lat' dir='ltr'>quas</span> <span class='ocrx_word' id='word_1_140' title='bbox 1703 1138 1850 1176; x_wconf 87' lang='lat' dir='ltr'>eroga-</span> 
     </span>
     <span class='ocr_line' id='line_1_19' title="bbox 516 1180 1846 1231; baseline -0.005 -9"><span class='ocrx_word' id='word_1_141' title='bbox 516 1186 550 1222; x_wconf 87' lang='lat' dir='ltr'>ri</span> <span class='ocrx_word' id='word_1_142' title='bbox 584 1184 723 1222; x_wconf 89' lang='lat' dir='ltr'>voluit</span> <span class='ocrx_word' id='word_1_143' title='bbox 742 1183 780 1220; x_wconf 92' lang='lat' dir='ltr'>in</span> <span class='ocrx_word' id='word_1_144' title='bbox 798 1181 1138 1231; x_wconf 80' lang='lat' dir='ltr'>emundationem</span> <span class='ocrx_word' id='word_1_145' title='bbox 1170 1181 1462 1223; x_wconf 82' lang='lat' dir='ltr'>linteaminum</span> <span class='ocrx_word' id='word_1_146' title='bbox 1481 1205 1494 1225; x_wconf 85' lang='lat'>,</span> <span class='ocrx_word' id='word_1_147' title='bbox 1514 1180 1846 1227; x_wconf 49' lang='lat' dir='ltr'>Sacrarumque„</span> 
     </span>
     <span class='ocr_line' id='line_1_20' title="bbox 515 1230 1848 1284; baseline -0.005 -9"><span class='ocrx_word' id='word_1_148' title='bbox 515 1234 869 1284; x_wconf 56' lang='lat' dir='ltr'>suppellectilium</span> <span class='ocrx_word' id='word_1_149' title='bbox 887 1234 1154 1272; x_wconf 79' lang='lat' dir='ltr'>sarcitionem</span> <span class='ocrx_word' id='word_1_150' title='bbox 1174 1260 1186 1279; x_wconf 92' lang='lat'><strong>‚</strong></span> <span class='ocrx_word' id='word_1_151' title='bbox 1219 1247 1294 1273; x_wconf 88' lang='lat' dir='ltr'>nec</span> <span class='ocrx_word' id='word_1_152' title='bbox 1316 1234 1453 1272; x_wconf 89' lang='lat' dir='ltr'>nonin</span> <span class='ocrx_word' id='word_1_153' title='bbox 1483 1234 1675 1282; x_wconf 83' lang='lat' dir='ltr'>expensas</span> <span class='ocrx_word' id='word_1_154' title='bbox 1694 1230 1848 1276; x_wconf 62' lang='lat' dir='ltr'>hostiae,</span> 
     </span>
     <span class='ocr_line' id='line_1_21' title="bbox 514 1283 1851 1337; baseline -0.004 -9"><span class='ocrx_word' id='word_1_155' title='bbox 514 1289 554 1328; x_wconf 63' lang='grc' dir='ltr'>δε</span> <span class='ocrx_word' id='word_1_156' title='bbox 582 1288 698 1332; x_wconf 84' lang='lat' dir='ltr'>vini„</span> <span class='ocrx_word' id='word_1_157' title='bbox 729 1300 813 1337; x_wconf 73' lang='lat' dir='ltr'>quae</span> <span class='ocrx_word' id='word_1_158' title='bbox 830 1287 969 1325; x_wconf 77' lang='lat' dir='ltr'>omnia</span> <span class='ocrx_word' id='word_1_159' title='bbox 990 1286 1281 1326; x_wconf 81' lang='lat' dir='ltr'>Sacerdotibus</span> <span class='ocrx_word' id='word_1_160' title='bbox 1302 1288 1433 1326; x_wconf 88' lang='lat' dir='ltr'>etiam</span> <span class='ocrx_word' id='word_1_161' title='bbox 1457 1287 1497 1325; x_wconf 89' lang='lat' dir='ltr'>in</span> <span class='ocrx_word' id='word_1_162' title='bbox 1524 1286 1672 1326; x_wconf 86' lang='lat' dir='ltr'>eadem</span> <span class='ocrx_word' id='word_1_163' title='bbox 1703 1283 1851 1323; x_wconf 86' lang='lat' dir='ltr'>Eccle-</span> 
     </span>
     <span class='ocr_line' id='line_1_22' title="bbox 513 1339 1517 1380; baseline -0.002 0"><span class='ocrx_word' id='word_1_164' title='bbox 513 1341 566 1380; x_wconf 81' lang='lat' dir='ltr'>fia</span> <span class='ocrx_word' id='word_1_165' title='bbox 595 1340 900 1380; x_wconf 85' lang='lat' dir='ltr'>celebrantibus</span> <span class='ocrx_word' id='word_1_166' title='bbox 924 1339 1257 1378; x_wconf 81' lang='lat' dir='ltr'>subministranda</span> <span class='ocrx_word' id='word_1_167' title='bbox 1271 1340 1490 1378; x_wconf 86' lang='lat' dir='ltr'>mandavit</span> <span class='ocrx_word' id='word_1_168' title='bbox 1507 1368 1517 1378; x_wconf 89' lang='lat'><strong>.</strong></span> 
     </span>
    </p>

    <p class='ocr_par' dir='ltr' id='par_1_6' title="bbox 463 1384 1850 1966">
     <span class='ocr_line' id='line_1_23' title="bbox 463 1384 1850 1432; baseline -0.004 0"><span class='ocrx_word' id='word_1_169' title='bbox 463 1384 704 1432; x_wconf 80' lang='lat' dir='ltr'>Hodiernus</span> <span class='ocrx_word' id='word_1_170' title='bbox 722 1391 915 1430; x_wconf 80' lang='lat' dir='ltr'>Beneficii</span> <span class='ocrx_word' id='word_1_171' title='bbox 935 1390 1291 1431; x_wconf 67' lang='lat' dir='ltr'>Poil‘etsorGuidus</span> <span class='ocrx_word' id='word_1_172' title='bbox 1313 1392 1430 1431; x_wconf 87' lang='lat' dir='ltr'>Gaiti</span> <span class='ocrx_word' id='word_1_173' title='bbox 1449 1404 1621 1431; x_wconf 89' lang='lat' dir='ltr'>onerum</span> <span class='ocrx_word' id='word_1_174' title='bbox 1638 1388 1850 1430; x_wconf 69' lang='lat' dir='ltr'>reduffio·</span> 
     </span>
     <span class='ocr_line' id='line_1_24' title="bbox 511 1440 1849 1493; baseline -0.003 -9"><span class='ocrx_word' id='word_1_175' title='bbox 511 1457 562 1484; x_wconf 87' lang='lat' dir='ltr'>nc</span> <span class='ocrx_word' id='word_1_176' title='bbox 581 1447 631 1484; x_wconf 88' lang='lat' dir='ltr'>ob</span> <span class='ocrx_word' id='word_1_177' title='bbox 647 1445 856 1483; x_wconf 82' lang='lat' dir='ltr'>redituum</span> <span class='ocrx_word' id='word_1_178' title='bbox 875 1444 1188 1484; x_wconf 83' lang='lat' dir='ltr'>decrementum</span> <span class='ocrx_word' id='word_1_179' title='bbox 1222 1445 1441 1493; x_wconf 83' lang='lat' dir='ltr'>implorata</span> <span class='ocrx_word' id='word_1_180' title='bbox 1462 1469 1476 1489; x_wconf 84' lang='lat'>‚</span> <span class='ocrx_word' id='word_1_181' title='bbox 1518 1444 1646 1491; x_wconf 74' lang='lat' dir='ltr'>petiit</span> <span class='ocrx_word' id='word_1_182' title='bbox 1674 1466 1692 1488; x_wconf 69' lang='lat'><em>0</em></span> <span class='ocrx_word' id='word_1_183' title='bbox 1722 1451 1765 1481; x_wconf 83' lang='lat' dir='ltr'>ut</span> <span class='ocrx_word' id='word_1_184' title='bbox 1782 1440 1849 1479; x_wconf 86' lang='lat' dir='ltr'>fir-</span> 
     </span>
     <span class='ocr_line' id='line_1_25' title="bbox 509 1493 1848 1542; baseline -0.003 -6"><span class='ocrx_word' id='word_1_185' title='bbox 509 1509 591 1536; x_wconf 86' lang='lat' dir='ltr'>mis</span> <span class='ocrx_word' id='word_1_186' title='bbox 622 1509 662 1536; x_wconf 87' lang='lat' dir='ltr'>re</span> <span class='ocrx_word' id='word_1_187' title='bbox 678 1497 935 1536; x_wconf 80' lang='lat' dir='ltr'>nanentibus</span> <span class='ocrx_word' id='word_1_188' title='bbox 952 1497 1045 1535; x_wconf 89' lang='lat' dir='ltr'>aliis</span> <span class='ocrx_word' id='word_1_189' title='bbox 1065 1498 1255 1537; x_wconf 72' lang='lat' dir='ltr'>oneribus</span> <span class='ocrx_word' id='word_1_190' title='bbox 1275 1522 1289 1542; x_wconf 81' lang='lat'>‚</span> <span class='ocrx_word' id='word_1_191' title='bbox 1325 1496 1534 1536; x_wconf 77' lang='lat' dir='ltr'>Miffarum</span> <span class='ocrx_word' id='word_1_192' title='bbox 1557 1506 1754 1536; x_wconf 88' lang='lat' dir='ltr'>numerus</span> <span class='ocrx_word' id='word_1_193' title='bbox 1773 1493 1848 1533; x_wconf 89' lang='lat' dir='ltr'>im·</span> 
     </span>
     <span class='ocr_line' id='line_1_26' title="bbox 510 1547 1848 1600; baseline -0.002 -12"><span class='ocrx_word' id='word_1_194' title='bbox 510 1550 798 1589; x_wconf 85' lang='lat' dir='ltr'>minueretur.</span> <span class='ocrx_word' id='word_1_195' title='bbox 831 1551 988 1590; x_wconf 83' lang='lat' dir='ltr'>Verum</span> <span class='ocrx_word' id='word_1_196' title='bbox 1016 1551 1220 1597; x_wconf 78' lang='lat' dir='ltr'>propolito</span> <span class='ocrx_word' id='word_1_197' title='bbox 1244 1551 1282 1589; x_wconf 89' lang='lat' dir='ltr'>in</span> <span class='ocrx_word' id='word_1_198' title='bbox 1313 1549 1649 1600; x_wconf 80' lang='lat' dir='ltr'>Congregatione</span> <span class='ocrx_word' id='word_1_199' title='bbox 1676 1547 1759 1587; x_wconf 85' lang='lat' dir='ltr'>diei</span> <span class='ocrx_word' id='word_1_200' title='bbox 1783 1560 1848 1594; x_wconf 83' lang='lat'>27.</span> 
     </span>
     <span class='ocr_line' id='line_1_27' title="bbox 515 1601 1842 1653; baseline -0.004 -11"><span class='ocrx_word' id='word_1_201' title='bbox 515 1601 621 1646; x_wconf 73' lang='lat' dir='ltr'>lunii</span> <span class='ocrx_word' id='word_1_202' title='bbox 638 1603 838 1651; x_wconf 66' lang='lat' dir='ltr'>praeteriti</span> <span class='ocrx_word' id='word_1_203' title='bbox 857 1603 980 1641; x_wconf 83' lang='lat' dir='ltr'>dubio</span> <span class='ocrx_word' id='word_1_204' title='bbox 996 1619 1025 1639; x_wconf 88' lang='lat'>:</span> <span class='ocrx_word' id='word_1_205' title='bbox 1040 1603 1114 1640; x_wconf 78' lang='lat' dir='ltr'>An</span> <span class='ocrx_word' id='word_1_206' title='bbox 1131 1630 1143 1647; x_wconf 81' lang='grc'><em>,</em></span> <span class='ocrx_word' id='word_1_207' title='bbox 1177 1606 1220 1649; x_wconf 66' lang='lat' dir='ltr'>dr</span> <span class='ocrx_word' id='word_1_208' title='bbox 1246 1605 1416 1653; x_wconf 80' lang='lat' dir='ltr'>quomodo</span> <span class='ocrx_word' id='word_1_209' title='bbox 1440 1605 1490 1653; x_wconf 78' lang='lat' dir='ltr'>fit</span> <span class='ocrx_word' id='word_1_210' title='bbox 1509 1603 1604 1641; x_wconf 81' lang='lat' dir='ltr'>locus</span> <span class='ocrx_word' id='word_1_211' title='bbox 1636 1601 1842 1641; x_wconf 66' lang='lat' dir='ltr'>redaffioni</span> 
     </span>
     <span class='ocr_line' id='line_1_28' title="bbox 507 1651 1845 1706; baseline 0.001 -14"><span class='ocrx_word' id='word_1_212' title='bbox 507 1657 549 1694; x_wconf 76' lang='lat' dir='ltr'>in</span> <span class='ocrx_word' id='word_1_213' title='bbox 580 1656 668 1706; x_wconf 79' lang='lat' dir='ltr'>casu</span> <span class='ocrx_word' id='word_1_214' title='bbox 691 1659 764 1700; x_wconf 57' lang='lat' dir='ltr'>&amp;a</span> <span class='ocrx_word' id='word_1_215' title='bbox 794 1671 822 1692; x_wconf 76' lang='grc' dir='ltr'>ε.-</span> <span class='ocrx_word' id='word_1_216' title='bbox 859 1655 1176 1695; x_wconf 72' lang='lat' dir='ltr'>Eminentiziimi</span> <span class='ocrx_word' id='word_1_217' title='bbox 1214 1655 1291 1696; x_wconf 85' lang='grc' dir='ltr'>ΡΡ.</span> <span class='ocrx_word' id='word_1_218' title='bbox 1326 1657 1616 1700; x_wconf 62' lang='lat' dir='ltr'>rescripserunt</span> <span class='ocrx_word' id='word_1_219' title='bbox 1650 1670 1677 1690; x_wconf 65' lang='grc' dir='ltr'>τ-</span> <span class='ocrx_word' id='word_1_220' title='bbox 1708 1651 1845 1692; x_wconf 68' lang='lat' dir='ltr'>Deleta</span> 
     </span>
     <span class='ocr_line' id='line_1_29' title="bbox 510 1705 1847 1757; baseline -0.003 -10"><span class='ocrx_word' id='word_1_221' title='bbox 510 1722 615 1747; x_wconf 78' lang='lat' dir='ltr'>mere</span> <span class='ocrx_word' id='word_1_222' title='bbox 629 1709 807 1746; x_wconf 73' lang='lat' dir='ltr'>audiendi</span> <span class='ocrx_word' id='word_1_223' title='bbox 824 1710 1050 1755; x_wconf 70' lang='lat' dir='ltr'>Confeffiones</span> <span class='ocrx_word' id='word_1_224' title='bbox 1069 1723 1137 1747; x_wconf 76' lang='lat' dir='ltr'>non</span> <span class='ocrx_word' id='word_1_225' title='bbox 1154 1709 1223 1757; x_wconf 74' lang='lat' dir='ltr'>effe</span> <span class='ocrx_word' id='word_1_226' title='bbox 1236 1710 1353 1748; x_wconf 76' lang='lat' dir='ltr'>locum</span> <span class='ocrx_word' id='word_1_227' title='bbox 1372 1710 1575 1748; x_wconf 63' lang='lat' dir='ltr'>reduffiom·</span> <span class='ocrx_word' id='word_1_228' title='bbox 1606 1705 1727 1756; x_wconf 70' lang='lat' dir='ltr'>Miffae</span> <span class='ocrx_word' id='word_1_229' title='bbox 1756 1719 1847 1756; x_wconf 87' lang='lat' dir='ltr'>quo-</span> 
     </span>
     <span class='ocr_line' id='line_1_30' title="bbox 510 1757 1845 1810; baseline -0.001 -10"><span class='ocrx_word' id='word_1_230' title='bbox 510 1763 661 1800; x_wconf 72' lang='lat' dir='ltr'>vidianae</span> <span class='ocrx_word' id='word_1_231' title='bbox 678 1778 705 1798; x_wconf 85' lang='lat'>=</span> <span class='ocrx_word' id='word_1_232' title='bbox 723 1760 815 1799; x_wconf 68' lang='lat' dir='ltr'>Non</span> <span class='ocrx_word' id='word_1_233' title='bbox 834 1764 926 1809; x_wconf 78' lang='lat' dir='ltr'>apte</span> <span class='ocrx_word' id='word_1_234' title='bbox 961 1763 1026 1800; x_wconf 82' lang='lat' dir='ltr'>fibi</span> <span class='ocrx_word' id='word_1_235' title='bbox 1044 1765 1119 1801; x_wconf 90' lang='lat' dir='ltr'>hoc</span> <span class='ocrx_word' id='word_1_236' title='bbox 1139 1764 1260 1802; x_wconf 82' lang='lat' dir='ltr'>modo</span> <span class='ocrx_word' id='word_1_237' title='bbox 1276 1763 1513 1802; x_wconf 87' lang='lat' dir='ltr'>consultum</span> <span class='ocrx_word' id='word_1_238' title='bbox 1539 1769 1658 1810; x_wconf 88' lang='lat' dir='ltr'>putat</span> <span class='ocrx_word' id='word_1_239' title='bbox 1685 1757 1845 1802; x_wconf 81' lang='lat' dir='ltr'>Benefi-</span> 
     </span>
     <span class='ocr_line' id='line_1_31' title="bbox 512 1813 1845 1863; baseline -0.003 -10"><span class='ocrx_word' id='word_1_240' title='bbox 512 1814 665 1854; x_wconf 62' lang='lat' dir='ltr'>ciatuss</span> <span class='ocrx_word' id='word_1_241' title='bbox 681 1813 820 1863; x_wconf 73' lang='lat' dir='ltr'>Quare</span> <span class='ocrx_word' id='word_1_242' title='bbox 839 1814 990 1854; x_wconf 87' lang='lat' dir='ltr'>iterum</span> <span class='ocrx_word' id='word_1_243' title='bbox 1009 1816 1114 1863; x_wconf 82' lang='lat' dir='ltr'>petit</span> <span class='ocrx_word' id='word_1_244' title='bbox 1136 1815 1351 1854; x_wconf 79' lang='lat' dir='ltr'>Missarum</span> <span class='ocrx_word' id='word_1_245' title='bbox 1369 1816 1845 1858; x_wconf 57' lang='lat' dir='ltr'>reductionemaearum-</span> 
     </span>
     <span class='ocr_line' id='line_1_32' title="bbox 513 1865 1843 1918; baseline -0.002 -12"><span class='ocrx_word' id='word_1_246' title='bbox 513 1879 592 1917; x_wconf 90' lang='lat' dir='ltr'>que</span> <span class='ocrx_word' id='word_1_247' title='bbox 623 1877 847 1908; x_wconf 84' lang='lat' dir='ltr'>numerum</span> <span class='ocrx_word' id='word_1_248' title='bbox 888 1869 1000 1914; x_wconf 78' lang='lat' dir='ltr'>juxta</span> <span class='ocrx_word' id='word_1_249' title='bbox 1037 1868 1245 1908; x_wconf 86' lang='lat' dir='ltr'>rationem</span> <span class='ocrx_word' id='word_1_250' title='bbox 1274 1877 1374 1908; x_wconf 73' lang='lat' dir='ltr'>taxa:</span> <span class='ocrx_word' id='word_1_251' title='bbox 1406 1876 1614 1918; x_wconf 72' lang='lat' dir='ltr'>perpetuae</span> <span class='ocrx_word' id='word_1_252' title='bbox 1646 1865 1843 1916; x_wconf 79' lang='lat' dir='ltr'>implorat</span> 
     </span>
     <span class='ocr_line' id='line_1_33' title="bbox 510 1918 848 1966; baseline -0.003 -9"><span class='ocrx_word' id='word_1_253' title='bbox 510 1918 816 1966; x_wconf 74' lang='lat' dir='ltr'>praefiniendum</span> <span class='ocrx_word' id='word_1_254' title='bbox 838 1951 848 1961; x_wconf 82' lang='grc'><em>,</em></span> 
     </span>
    </p>

    <p class='ocr_par' dir='ltr' id='par_1_7' title="bbox 459 1968 1843 2760">
     <span class='ocr_line' id='line_1_34' title="bbox 459 1968 1839 2029; baseline -0.002 -19"><span class='ocrx_word' id='word_1_255' title='bbox 459 1968 640 2029; x_wconf 74' lang='lat' dir='ltr'>Quoties</span> <span class='ocrx_word' id='word_1_256' title='bbox 668 1973 780 2011; x_wconf 88' lang='lat' dir='ltr'>enim</span> <span class='ocrx_word' id='word_1_257' title='bbox 815 1974 926 2020; x_wconf 88' lang='lat' dir='ltr'>pium</span> <span class='ocrx_word' id='word_1_258' title='bbox 956 1974 1123 2025; x_wconf 79' lang='lat' dir='ltr'>aliquod</span> <span class='ocrx_word' id='word_1_259' title='bbox 1143 1977 1327 2025; x_wconf 82' lang='lat' dir='ltr'>legatum</span> <span class='ocrx_word' id='word_1_260' title='bbox 1345 1973 1429 2015; x_wconf 83' lang='lat' dir='ltr'>fuit</span> <span class='ocrx_word' id='word_1_261' title='bbox 1444 1977 1614 2012; x_wconf 62' lang='lat' dir='ltr'>taxati-va</span> <span class='ocrx_word' id='word_1_262' title='bbox 1629 1969 1839 2014; x_wconf 63' lang='lat' dir='ltr'>reustum,</span> 
     </span>
     <span class='ocr_line' id='line_1_35' title="bbox 513 2022 1840 2072; baseline -0.001 -9"><span class='ocrx_word' id='word_1_263' title='bbox 513 2025 695 2067; x_wconf 67' lang='lat' dir='ltr'>sustinet,</span> <span class='ocrx_word' id='word_1_264' title='bbox 710 2026 847 2063; x_wconf 75' lang='lat' dir='ltr'>locuni</span> <span class='ocrx_word' id='word_1_265' title='bbox 864 2023 941 2065; x_wconf 82' lang='lat' dir='ltr'>esse</span> <span class='ocrx_word' id='word_1_266' title='bbox 958 2039 1130 2066; x_wconf 86' lang='lat' dir='ltr'>onerum</span> <span class='ocrx_word' id='word_1_267' title='bbox 1153 2028 1398 2072; x_wconf 54' lang='lat' dir='ltr'>reductioni,</span> <span class='ocrx_word' id='word_1_268' title='bbox 1415 2028 1441 2065; x_wconf 87' lang='lat' dir='ltr'>fi</span> <span class='ocrx_word' id='word_1_269' title='bbox 1459 2025 1614 2065; x_wconf 90' lang='lat' dir='ltr'>reditus</span> <span class='ocrx_word' id='word_1_270' title='bbox 1631 2022 1840 2062; x_wconf 83' lang='lat' dir='ltr'>deficiant.</span> 
     </span>
     <span class='ocr_line' id='line_1_36' title="bbox 510 2075 1839 2127; baseline -0.002 -13"><span class='ocrx_word' id='word_1_271' title='bbox 510 2076 678 2114; x_wconf 84' lang='lat' dir='ltr'>Claram</span> <span class='ocrx_word' id='word_1_272' title='bbox 707 2077 810 2114; x_wconf 78' lang='lat' dir='ltr'>vero</span> <span class='ocrx_word' id='word_1_273' title='bbox 842 2076 919 2115; x_wconf 79' lang='lat' dir='ltr'>esse</span> <span class='ocrx_word' id='word_1_274' title='bbox 950 2079 1052 2116; x_wconf 84' lang='lat' dir='ltr'>dicit</span> <span class='ocrx_word' id='word_1_275' title='bbox 1071 2080 1379 2118; x_wconf 78' lang='lat' dir='ltr'>dispositionem</span> <span class='ocrx_word' id='word_1_276' title='bbox 1414 2077 1600 2127; x_wconf 85' lang='lat' dir='ltr'>Episcopi</span> <span class='ocrx_word' id='word_1_277' title='bbox 1631 2075 1839 2121; x_wconf 59' lang='lat' dir='ltr'>Goliam,</span> 
     </span>
     <span class='ocr_line' id='line_1_37' title="bbox 509 2127 1841 2180; baseline 0.002 -15"><span class='ocrx_word' id='word_1_278' title='bbox 509 2139 605 2169; x_wconf 88' lang='lat' dir='ltr'>nam</span> <span class='ocrx_word' id='word_1_279' title='bbox 621 2127 766 2174; x_wconf 82' lang='lat' dir='ltr'>duplas</span> <span class='ocrx_word' id='word_1_280' title='bbox 789 2141 878 2170; x_wconf 79' lang='lat'>250.</span> <span class='ocrx_word' id='word_1_281' title='bbox 895 2141 966 2176; x_wconf 89' lang='lat' dir='ltr'>pro</span> <span class='ocrx_word' id='word_1_282' title='bbox 998 2129 1188 2172; x_wconf 79' lang='lat' dir='ltr'>Beneficii</span> <span class='ocrx_word' id='word_1_283' title='bbox 1211 2132 1312 2170; x_wconf 84' lang='lat' dir='ltr'>dote</span> <span class='ocrx_word' id='word_1_284' title='bbox 1342 2130 1559 2180; x_wconf 73' lang='lat' dir='ltr'>assignavit</span> <span class='ocrx_word' id='word_1_285' title='bbox 1577 2155 1591 2175; x_wconf 90' lang='lat'>‚</span> <span class='ocrx_word' id='word_1_286' title='bbox 1623 2140 1670 2167; x_wconf 87' lang='lat' dir='ltr'>ex</span> <span class='ocrx_word' id='word_1_287' title='bbox 1697 2128 1841 2179; x_wconf 76' lang='lat' dir='ltr'>quibus</span> 
     </span>
     <span class='ocr_line' id='line_1_38' title="bbox 510 2178 1840 2237; baseline 0 -19"><span class='ocrx_word' id='word_1_288' title='bbox 510 2191 651 2237; x_wconf 79' lang='lat' dir='ltr'>annuae</span> <span class='ocrx_word' id='word_1_289' title='bbox 667 2178 800 2237; x_wconf 73' lang='lat' dir='ltr'>duplae</span> <span class='ocrx_word' id='word_1_290' title='bbox 823 2194 837 2218; x_wconf 84' lang='lat' dir='ltr'>i</span> <span class='ocrx_word' id='word_1_291' title='bbox 851 2183 1377 2222; x_wconf 79' lang='lat' dir='ltr'>5.retrahebantur:Patere</span> <span class='ocrx_word' id='word_1_292' title='bbox 1392 2191 1534 2221; x_wconf 89' lang='lat' dir='ltr'>autem</span> <span class='ocrx_word' id='word_1_293' title='bbox 1553 2180 1732 2230; x_wconf 77' lang='lat' dir='ltr'>exipsius</span> <span class='ocrx_word' id='word_1_294' title='bbox 1750 2187 1840 2218; x_wconf 86' lang='lat' dir='ltr'>met</span> 
     </span>
     <span class='ocr_line' id='line_1_39' title="bbox 509 2231 1840 2284; baseline -0.001 -13"><span class='ocrx_word' id='word_1_295' title='bbox 509 2231 702 2280; x_wconf 76' lang='lat' dir='ltr'>Episcopi</span> <span class='ocrx_word' id='word_1_296' title='bbox 735 2232 972 2272; x_wconf 78' lang='lat' dir='ltr'>testimonio</span> <span class='ocrx_word' id='word_1_297' title='bbox 1001 2235 1161 2274; x_wconf 80' lang='lat' dir='ltr'>easdem</span> <span class='ocrx_word' id='word_1_298' title='bbox 1183 2247 1286 2274; x_wconf 89' lang='lat' dir='ltr'>nunc</span> <span class='ocrx_word' id='word_1_299' title='bbox 1310 2234 1481 2274; x_wconf 87' lang='lat' dir='ltr'>reddere</span> <span class='ocrx_word' id='word_1_300' title='bbox 1516 2235 1660 2284; x_wconf 83' lang='lat' dir='ltr'>duplas</span> <span class='ocrx_word' id='word_1_301' title='bbox 1690 2232 1840 2271; x_wconf 88' lang='lat' dir='ltr'>decem</span> 
     </span>
     <span class='ocr_line' id='line_1_40' title="bbox 508 2284 1840 2337; baseline -0.001 -13"><span class='ocrx_word' id='word_1_302' title='bbox 508 2284 726 2324; x_wconf 85' lang='lat' dir='ltr'>dumtaxat</span> <span class='ocrx_word' id='word_1_303' title='bbox 741 2310 754 2329; x_wconf 88' lang='lat'>,</span> <span class='ocrx_word' id='word_1_304' title='bbox 771 2285 1025 2337; x_wconf 80' lang='lat' dir='ltr'>proinde-que</span> <span class='ocrx_word' id='word_1_305' title='bbox 1043 2286 1325 2337; x_wconf 82' lang='lat' dir='ltr'>denegandam</span> <span class='ocrx_word' id='word_1_306' title='bbox 1343 2300 1421 2327; x_wconf 89' lang='lat' dir='ltr'>non</span> <span class='ocrx_word' id='word_1_307' title='bbox 1441 2286 1520 2328; x_wconf 83' lang='lat' dir='ltr'>effe</span> <span class='ocrx_word' id='word_1_308' title='bbox 1536 2286 1840 2330; x_wconf 62' lang='lat' dir='ltr'>redut‘iionem,</span> 
     </span>
     <span class='ocr_line' id='line_1_41' title="bbox 509 2337 1836 2391; baseline -0.001 -14"><span class='ocrx_word' id='word_1_309' title='bbox 509 2338 578 2379; x_wconf 89' lang='lat' dir='ltr'>cui</span> <span class='ocrx_word' id='word_1_310' title='bbox 603 2337 751 2377; x_wconf 89' lang='lat' dir='ltr'>eadem</span> <span class='ocrx_word' id='word_1_311' title='bbox 769 2340 820 2378; x_wconf 88' lang='lat' dir='ltr'>de</span> <span class='ocrx_word' id='word_1_312' title='bbox 838 2341 955 2378; x_wconf 80' lang='lat' dir='ltr'>causa</span> <span class='ocrx_word' id='word_1_313' title='bbox 975 2340 1119 2379; x_wconf 86' lang='lat' dir='ltr'>annuit</span> <span class='ocrx_word' id='word_1_314' title='bbox 1138 2340 1176 2378; x_wconf 88' lang='lat' dir='ltr'>S.</span> <span class='ocrx_word' id='word_1_315' title='bbox 1196 2339 1477 2391; x_wconf 85' lang='lat' dir='ltr'>Congregatio</span> <span class='ocrx_word' id='word_1_316' title='bbox 1494 2367 1506 2386; x_wconf 96' lang='lat'><strong>‚</strong></span> <span class='ocrx_word' id='word_1_317' title='bbox 1524 2344 1562 2378; x_wconf 82' lang='lat' dir='ltr'>in</span> <span class='ocrx_word' id='word_1_318' title='bbox 1580 2341 1836 2376; x_wconf 76' lang='lat' dir='ltr'>Ravennaten.</span> 
     </span>
     <span class='ocr_line' id='line_1_42' title="bbox 508 2389 1843 2444; baseline 0.001 -16"><span class='ocrx_word' id='word_1_319' title='bbox 508 2390 785 2441; x_wconf 77' lang='lat' dir='ltr'>Applicationis</span> <span class='ocrx_word' id='word_1_320' title='bbox 803 2391 1001 2437; x_wconf 72' lang='lat' dir='ltr'>Missurum</span> <span class='ocrx_word' id='word_1_321' title='bbox 1024 2406 1087 2441; x_wconf 80' lang='lat'>²7·</span> <span class='ocrx_word' id='word_1_322' title='bbox 1108 2392 1210 2444; x_wconf 83' lang='lat' dir='ltr'>Julii</span> <span class='ocrx_word' id='word_1_323' title='bbox 1233 2406 1346 2440; x_wconf 85' lang='lat'>1737.</span> <span class='ocrx_word' id='word_1_324' title='bbox 1365 2419 1378 2438; x_wconf 84' lang='lat'>‚</span> <span class='ocrx_word' id='word_1_325' title='bbox 1408 2396 1452 2437; x_wconf 73' lang='lat'>&amp;⁶</span> <span class='ocrx_word' id='word_1_326' title='bbox 1475 2396 1513 2430; x_wconf 77' lang='lat' dir='ltr'>in</span> <span class='ocrx_word' id='word_1_327' title='bbox 1541 2390 1718 2429; x_wconf 63' lang='lat' dir='ltr'>Firmium</span> <span class='ocrx_word' id='word_1_328' title='bbox 1749 2389 1843 2440; x_wconf 87' lang='lat' dir='ltr'>Offi-</span> 
     </span>
     <span class='ocr_line' id='line_1_43' title="bbox 508 2443 1842 2496; baseline -0.004 -10"><span class='ocrx_word' id='word_1_329' title='bbox 508 2449 661 2486; x_wconf 76' lang='lat' dir='ltr'>ciaturae</span> <span class='ocrx_word' id='word_1_330' title='bbox 677 2457 737 2490; x_wconf 81' lang='lat'>²9·</span> <span class='ocrx_word' id='word_1_331' title='bbox 767 2445 929 2494; x_wconf 73' lang='lat' dir='ltr'>Augusti</span> <span class='ocrx_word' id='word_1_332' title='bbox 961 2450 1076 2491; x_wconf 86' lang='lat'>1761.</span> <span class='ocrx_word' id='word_1_333' title='bbox 1109 2471 1123 2491; x_wconf 80' lang='lat'>‚</span> <span class='ocrx_word' id='word_1_334' title='bbox 1154 2457 1326 2496; x_wconf 85' lang='lat' dir='ltr'>canique</span> <span class='ocrx_word' id='word_1_335' title='bbox 1356 2446 1423 2484; x_wconf 51' lang='lat' dir='ltr'>ita¹</span> <span class='ocrx_word' id='word_1_336' title='bbox 1443 2443 1722 2494; x_wconf 85' lang='lat' dir='ltr'>elargiendam</span> <span class='ocrx_word' id='word_1_337' title='bbox 1744 2468 1756 2488; x_wconf 89' lang='lat'>‚</span> <span class='ocrx_word' id='word_1_338' title='bbox 1794 2450 1842 2482; x_wconf 89' lang='lat' dir='ltr'>ut</span> 
     </span>
     <span class='ocr_line' id='line_1_44' title="bbox 509 2496 1839 2547; baseline -0.003 -10"><span class='ocrx_word' id='word_1_339' title='bbox 509 2499 796 2538; x_wconf 86' lang='lat' dir='ltr'>emolumento</span> <span class='ocrx_word' id='word_1_340' title='bbox 841 2509 941 2536; x_wconf 66' lang='lat' dir='ltr'>taxae</span> <span class='ocrx_word' id='word_1_341' title='bbox 970 2508 1175 2547; x_wconf 71' lang='lat' dir='ltr'>perpetuae</span> <span class='ocrx_word' id='word_1_342' title='bbox 1204 2499 1243 2537; x_wconf 82' lang='lat' dir='ltr'>in</span> <span class='ocrx_word' id='word_1_343' title='bbox 1264 2497 1451 2537; x_wconf 81' lang='lat' dir='ltr'>futurum</span> <span class='ocrx_word' id='word_1_344' title='bbox 1466 2496 1710 2544; x_wconf 77' lang='lat' dir='ltr'>respondeat</span> <span class='ocrx_word' id='word_1_345' title='bbox 1735 2497 1839 2540; x_wconf 85' lang='lat' dir='ltr'>‚ha-</span> 
     </span>
     <span class='ocr_line' id='line_1_45' title="bbox 508 2547 1837 2600; baseline -0.003 -11"><span class='ocrx_word' id='word_1_346' title='bbox 508 2551 594 2590; x_wconf 85' lang='lat' dir='ltr'>bita</span> <span class='ocrx_word' id='word_1_347' title='bbox 615 2559 742 2590; x_wconf 81' lang='lat' dir='ltr'>ctiam</span> <span class='ocrx_word' id='word_1_348' title='bbox 760 2550 919 2590; x_wconf 71' lang='lat' dir='ltr'>ratione</span> <span class='ocrx_word' id='word_1_349' title='bbox 935 2551 1070 2589; x_wconf 84' lang='lat' dir='ltr'>oneris</span> <span class='ocrx_word' id='word_1_350' title='bbox 1090 2550 1283 2590; x_wconf 84' lang='lat' dir='ltr'>residendi</span> <span class='ocrx_word' id='word_1_351' title='bbox 1306 2551 1344 2588; x_wconf 88' lang='lat' dir='ltr'>in</span> <span class='ocrx_word' id='word_1_352' title='bbox 1363 2552 1455 2589; x_wconf 89' lang='lat' dir='ltr'>loco</span> <span class='ocrx_word' id='word_1_353' title='bbox 1472 2574 1485 2593; x_wconf 87' lang='lat'>‚</span> <span class='ocrx_word' id='word_1_354' title='bbox 1517 2547 1762 2600; x_wconf 77' lang='lat' dir='ltr'>Miffamque</span> <span class='ocrx_word' id='word_1_355' title='bbox 1795 2547 1837 2586; x_wconf 86' lang='lat' dir='ltr'>in</span> 
     </span>
     <span class='ocr_line' id='line_1_46' title="bbox 511 2602 1834 2653; baseline -0.003 -11"><span class='ocrx_word' id='word_1_356' title='bbox 511 2611 625 2642; x_wconf 83' lang='lat' dir='ltr'>certa</span> <span class='ocrx_word' id='word_1_357' title='bbox 641 2604 815 2643; x_wconf 77' lang='lat' dir='ltr'>Ecclesia</span> <span class='ocrx_word' id='word_1_358' title='bbox 836 2630 850 2650; x_wconf 85' lang='lat'>,</span> <span class='ocrx_word' id='word_1_359' title='bbox 883 2604 919 2643; x_wconf 69' lang='lat'>8&lt;</span> <span class='ocrx_word' id='word_1_360' title='bbox 937 2604 976 2641; x_wconf 90' lang='lat' dir='ltr'>in</span> <span class='ocrx_word' id='word_1_361' title='bbox 994 2603 1202 2653; x_wconf 85' lang='lat' dir='ltr'>designato</span> <span class='ocrx_word' id='word_1_362' title='bbox 1221 2602 1356 2642; x_wconf 86' lang='lat' dir='ltr'>Altari</span> <span class='ocrx_word' id='word_1_363' title='bbox 1373 2602 1606 2643; x_wconf 81' lang='lat' dir='ltr'>celebrandi</span> <span class='ocrx_word' id='word_1_364' title='bbox 1625 2628 1637 2646; x_wconf 79' lang='lat'>‚</span> <span class='ocrx_word' id='word_1_365' title='bbox 1658 2612 1834 2651; x_wconf 85' lang='lat' dir='ltr'>quorum</span> 
     </span>
     <span class='ocr_line' id='line_1_47' title="bbox 509 2654 1836 2706; baseline -0.003 -12"><span class='ocrx_word' id='word_1_366' title='bbox 509 2656 627 2694; x_wconf 79' lang='lat' dir='ltr'>causa</span> <span class='ocrx_word' id='word_1_367' title='bbox 645 2656 832 2705; x_wconf 77' lang='lat' dir='ltr'>pinguius</span> <span class='ocrx_word' id='word_1_368' title='bbox 857 2657 1189 2696; x_wconf 82' lang='lat' dir='ltr'>emolumentum</span> <span class='ocrx_word' id='word_1_369' title='bbox 1205 2656 1309 2694; x_wconf 90' lang='lat' dir='ltr'>solet</span> <span class='ocrx_word' id='word_1_370' title='bbox 1328 2655 1516 2706; x_wconf 81' lang='lat' dir='ltr'>assignari</span> <span class='ocrx_word' id='word_1_371' title='bbox 1542 2654 1755 2705; x_wconf 73' lang='lat' dir='ltr'>pasqualig.</span> <span class='ocrx_word' id='word_1_372' title='bbox 1789 2655 1836 2690; x_wconf 82' lang='lat' dir='ltr'>de</span> 
     </span>
     <span class='ocr_line' id='line_1_48' title="bbox 511 2707 1835 2760; baseline -0.002 -12"><span class='ocrx_word' id='word_1_373' title='bbox 511 2709 652 2756; x_wconf 74' lang='lat' dir='ltr'>Sacris.</span> <span class='ocrx_word' id='word_1_374' title='bbox 670 2708 791 2759; x_wconf 79' lang='lat' dir='ltr'>Miffae</span> <span class='ocrx_word' id='word_1_375' title='bbox 818 2709 1121 2760; x_wconf 77' lang='lat' dir='ltr'>tom.2.quaest.3.</span> <span class='ocrx_word' id='word_1_376' title='bbox 1139 2719 1309 2756; x_wconf 55' lang='lat' dir='ltr'>numa„</span> <span class='ocrx_word' id='word_1_377' title='bbox 1340 2712 1382 2754; x_wconf 60' lang='grc' dir='ltr'>ἐν</span> <span class='ocrx_word' id='word_1_378' title='bbox 1409 2709 1489 2760; x_wconf 71' lang='lat' dir='ltr'>seq.</span> <span class='ocrx_word' id='word_1_379' title='bbox 1517 2707 1707 2749; x_wconf 80' lang='lat' dir='ltr'>Maxime</span> <span class='ocrx_word' id='word_1_380' title='bbox 1740 2707 1835 2758; x_wconf 82' lang='lat' dir='ltr'>quia</span> 
     </span>
    </p>

    <p class='ocr_par' dir='ltr' id='par_1_8' title="bbox 1733 2759 1834 2801">
     <span class='ocr_line' id='line_1_49' title="bbox 1733 2759 1834 2801; baseline -0.01 0"><span class='ocrx_word' id='word_1_381' title='bbox 1733 2759 1834 2801; x_wconf 72' lang='lat' dir='ltr'>alias</span> 
     </span>
    </p>
   </div>
  </div>
 </body>
</html>
