<?xml version="1.0" encoding="UTF-8"?>
<!DOCTYPE html PUBLIC "-//W3C//DTD XHTML 1.0 Transitional//EN"
    "http://www.w3.org/TR/xhtml1/DTD/xhtml1-transitional.dtd">
<html xmlns="http://www.w3.org/1999/xhtml" xml:lang="en" lang="en">
 <head>
  <title>
</title>
<meta http-equiv="Content-Type" content="text/html;charset=utf-8" />
  <meta name='ocr-system' content='tesseract 3.04.00' />
  <meta name='ocr-capabilities' content='ocr_page ocr_carea ocr_par ocr_line ocrx_word'/>
</head>
<body>
  <div class='ocr_page' id='page_1' title='image "./thesaurusresolut40cath_0018.png"; bbox 0 0 1924 2970; ppageno 0'>
   <div class='ocr_carea' id='block_1_1' title="bbox 439 125 1864 2680">
    <p class='ocr_par' dir='ltr' id='par_1_1' title="bbox 481 125 1296 175">
     <span class='ocr_line' id='line_1_1' title="bbox 481 125 1296 175; baseline 0.001 -10"><span class='ocrx_word' id='word_1_1' title='bbox 481 143 535 166; x_wconf 67' lang='grc' dir='ltr'><strong>-πο</strong></span> <span class='ocrx_word' id='word_1_2' title='bbox 886 130 948 165; x_wconf 81' lang='lat'><strong>26.</strong></span> <span class='ocrx_word' id='word_1_3' title='bbox 971 125 1150 175; x_wconf 73' lang='lat' dir='ltr'><strong>Jammrii</strong></span> <span class='ocrx_word' id='word_1_4' title='bbox 1183 141 1296 174; x_wconf 84' lang='lat'>177¹·</span> 
     </span>
    </p>

    <p class='ocr_par' dir='ltr' id='par_1_2' title="bbox 483 178 1848 646">
     <span class='ocr_line' id='line_1_2' title="bbox 488 178 1817 231; baseline 0.002 -15"><span class='ocrx_word' id='word_1_5' title='bbox 488 178 659 227; x_wconf 74' lang='lat' dir='ltr'><em>mensales</em></span> <span class='ocrx_word' id='word_1_6' title='bbox 679 182 781 216; x_wconf 78' lang='lat' dir='ltr'><strong>citat.</strong></span> <span class='ocrx_word' id='word_1_7' title='bbox 802 179 884 227; x_wconf 70' lang='lat' dir='ltr'><strong>Cep.</strong></span> <span class='ocrx_word' id='word_1_8' title='bbox 901 181 1010 216; x_wconf 75' lang='lat' dir='ltr'><strong>Sicut</strong></span> <span class='ocrx_word' id='word_1_9' title='bbox 1025 182 1069 216; x_wconf 87' lang='lat' dir='ltr'><strong>de</strong></span> <span class='ocrx_word' id='word_1_10' title='bbox 1087 183 1190 219; x_wconf 75' lang='lat' dir='ltr'><strong>verb.</strong></span> <span class='ocrx_word' id='word_1_11' title='bbox 1211 181 1336 230; x_wconf 77' lang='lat' dir='ltr'><strong>fignif.</strong></span> <span class='ocrx_word' id='word_1_12' title='bbox 1368 184 1406 217; x_wconf 83' lang='lat' dir='ltr'><strong>in</strong></span> <span class='ocrx_word' id='word_1_13' title='bbox 1421 185 1459 220; x_wconf 86' lang='lat'><strong>6.</strong></span> <span class='ocrx_word' id='word_1_14' title='bbox 1479 194 1493 220; x_wconf 84' lang='lat'><strong>,·</strong></span> <span class='ocrx_word' id='word_1_15' title='bbox 1527 181 1620 231; x_wconf 84' lang='lat' dir='ltr'><strong>quia</strong></span> <span class='ocrx_word' id='word_1_16' title='bbox 1651 179 1817 219; x_wconf 79' lang='lat' dir='ltr'><strong>illorum</strong></span> 
     </span>
     <span class='ocr_line' id='line_1_3' title="bbox 488 230 1848 282; baseline 0.001 -13"><span class='ocrx_word' id='word_1_17' title='bbox 488 230 674 278; x_wconf 79' lang='lat' dir='ltr'><strong>impenfis</strong></span> <span class='ocrx_word' id='word_1_18' title='bbox 698 231 937 269; x_wconf 80' lang='lat' dir='ltr'><strong>nutriuntur</strong></span> <span class='ocrx_word' id='word_1_19' title='bbox 957 256 970 273; x_wconf 84' lang='lat'><strong>‚</strong></span> <span class='ocrx_word' id='word_1_20' title='bbox 1003 232 1050 270; x_wconf 86' lang='lat' dir='ltr'><strong>ab</strong></span> <span class='ocrx_word' id='word_1_21' title='bbox 1070 233 1207 282; x_wconf 84' lang='lat' dir='ltr'><strong>eisque</strong></span> <span class='ocrx_word' id='word_1_22' title='bbox 1224 233 1420 272; x_wconf 83' lang='lat' dir='ltr'><strong>alimenta</strong></span> <span class='ocrx_word' id='word_1_23' title='bbox 1439 258 1451 276; x_wconf 86' lang='lat'>‚</span> <span class='ocrx_word' id='word_1_24' title='bbox 1487 235 1551 272; x_wconf 86' lang='lat' dir='ltr'><strong>vel</strong></span> <span class='ocrx_word' id='word_1_25' title='bbox 1573 242 1731 273; x_wconf 87' lang='lat' dir='ltr'><strong>certam</strong></span> <span class='ocrx_word' id='word_1_26' title='bbox 1749 246 1817 280; x_wconf 84' lang='lat' dir='ltr'><strong>pe·</strong></span> <span class='ocrx_word' id='word_1_27' title='bbox 1835 265 1848 270; x_wconf 85' lang='grc'><strong>.,</strong></span> 
     </span>
     <span class='ocr_line' id='line_1_4' title="bbox 486 282 1815 333; baseline 0.002 -12"><span class='ocrx_word' id='word_1_28' title='bbox 486 283 614 321; x_wconf 81' lang='lat' dir='ltr'><strong>cuniae</strong></span> <span class='ocrx_word' id='word_1_29' title='bbox 635 282 912 333; x_wconf 78' lang='lat' dir='ltr'>quantitatem</span> <span class='ocrx_word' id='word_1_30' title='bbox 932 284 1224 323; x_wconf 67' lang='lat' dir='ltr'>alimentorum</span> <span class='ocrx_word' id='word_1_31' title='bbox 1244 288 1337 324; x_wconf 83' lang='lat' dir='ltr'><strong>loco</strong></span> <span class='ocrx_word' id='word_1_32' title='bbox 1367 286 1603 332; x_wconf 83' lang='lat' dir='ltr'><strong>recipiunt.</strong></span> <span class='ocrx_word' id='word_1_33' title='bbox 1643 284 1766 333; x_wconf 61' lang='lat' dir='ltr'><strong>(Qlod</strong></span> <span class='ocrx_word' id='word_1_34' title='bbox 1789 286 1815 324; x_wconf 83' lang='lat' dir='ltr'>fi</span> 
     </span>
     <span class='ocr_line' id='line_1_5' title="bbox 487 334 1811 385; baseline 0.002 -13"><span class='ocrx_word' id='word_1_35' title='bbox 487 334 577 385; x_wconf 87' lang='lat' dir='ltr'><strong>quis</strong></span> <span class='ocrx_word' id='word_1_36' title='bbox 596 335 828 380; x_wconf 73' lang='lat' dir='ltr'><strong>mercedem</strong></span> <span class='ocrx_word' id='word_1_37' title='bbox 857 336 1036 385; x_wconf 80' lang='lat' dir='ltr'>aliquam</span> <span class='ocrx_word' id='word_1_38' title='bbox 1055 339 1258 385; x_wconf 83' lang='lat' dir='ltr'><strong>accipiat,</strong></span> <span class='ocrx_word' id='word_1_39' title='bbox 1293 348 1336 377; x_wconf 91' lang='lat' dir='ltr'><strong>ut</strong></span> <span class='ocrx_word' id='word_1_40' title='bbox 1367 339 1560 377; x_wconf 87' lang='lat' dir='ltr'><strong>nonnulla</strong></span> <span class='ocrx_word' id='word_1_41' title='bbox 1577 337 1811 376; x_wconf 78' lang='lat' dir='ltr'>identidem</span> 
     </span>
     <span class='ocr_line' id='line_1_6' title="bbox 486 386 1812 440; baseline 0.002 -16"><span class='ocrx_word' id='word_1_42' title='bbox 486 388 644 436; x_wconf 70' lang='lat' dir='ltr'><strong>praestet</strong></span> <span class='ocrx_word' id='word_1_43' title='bbox 669 386 882 427; x_wconf 87' lang='lat' dir='ltr'><strong>servitutis</strong></span> <span class='ocrx_word' id='word_1_44' title='bbox 912 388 1047 427; x_wconf 86' lang='lat' dir='ltr'><strong>officia</strong></span> <span class='ocrx_word' id='word_1_45' title='bbox 1069 414 1080 431; x_wconf 79' lang='lat'>,</span> <span class='ocrx_word' id='word_1_46' title='bbox 1110 404 1195 439; x_wconf 75' lang='lat' dir='ltr'><strong>quae</strong></span> <span class='ocrx_word' id='word_1_47' title='bbox 1229 391 1396 440; x_wconf 81' lang='lat' dir='ltr'><strong>quidem</strong></span> <span class='ocrx_word' id='word_1_48' title='bbox 1418 402 1575 430; x_wconf 81' lang='lat' dir='ltr'><strong>merces</strong></span> <span class='ocrx_word' id='word_1_49' title='bbox 1612 403 1682 439; x_wconf 81' lang='lat' dir='ltr'><strong>pro</strong></span> <span class='ocrx_word' id='word_1_50' title='bbox 1701 390 1812 428; x_wconf 53' lang='lat' dir='ltr'><strong>vista</strong></span> 
     </span>
     <span class='ocr_line' id='line_1_7' title="bbox 487 438 1815 491; baseline 0.002 -14"><span class='ocrx_word' id='word_1_51' title='bbox 487 447 565 478; x_wconf 82' lang='lat' dir='ltr'><strong>no&#39;n</strong></span> <span class='ocrx_word' id='word_1_52' title='bbox 580 438 755 479; x_wconf 83' lang='lat' dir='ltr'><strong>sufficiat</strong></span> <span class='ocrx_word' id='word_1_53' title='bbox 770 465 783 484; x_wconf 81' lang='lat'><strong>‚</strong></span> <span class='ocrx_word' id='word_1_54' title='bbox 813 450 910 479; x_wconf 89' lang='lat' dir='ltr'><strong>tunc</strong></span> <span class='ocrx_word' id='word_1_55' title='bbox 931 440 1161 480; x_wconf 84' lang='lat' dir='ltr'><strong>Familiaris</strong></span> <span class='ocrx_word' id='word_1_56' title='bbox 1176 443 1433 491; x_wconf 51' lang='lat' dir='ltr'><strong>¹proprie&#39;uon</strong></span> <span class='ocrx_word' id='word_1_57' title='bbox 1454 444 1607 482; x_wconf 90' lang='lat' dir='ltr'><strong>dicitur</strong></span> <span class='ocrx_word' id='word_1_58' title='bbox 1624 469 1637 488; x_wconf 91' lang='lat'><strong>‚</strong></span> <span class='ocrx_word' id='word_1_59' title='bbox 1670 443 1736 480; x_wconf 88' lang='lat' dir='ltr'><strong>sed</strong></span> <span class='ocrx_word' id='word_1_60' title='bbox 1754 442 1815 479; x_wconf 91' lang='lat' dir='ltr'><strong>so·</strong></span> 
     </span>
     <span class='ocr_line' id='line_1_8' title="bbox 490 492 1811 545; baseline 0.001 -15"><span class='ocrx_word' id='word_1_61' title='bbox 490 492 576 530; x_wconf 88' lang='lat' dir='ltr'><strong>lum</strong></span> <span class='ocrx_word' id='word_1_62' title='bbox 591 492 780 531; x_wconf 82' lang='lat' dir='ltr'><strong>censetur</strong></span> <span class='ocrx_word' id='word_1_63' title='bbox 795 504 938 540; x_wconf 77' lang='lat' dir='ltr'><strong>operas</strong></span> <span class='ocrx_word' id='word_1_64' title='bbox 954 494 1039 533; x_wconf 85' lang='lat' dir='ltr'><strong>suas</strong></span> <span class='ocrx_word' id='word_1_65' title='bbox 1056 495 1192 534; x_wconf 88' lang='lat' dir='ltr'><strong>locare</strong></span> <span class='ocrx_word' id='word_1_66' title='bbox 1211 508 1280 541; x_wconf 76' lang='lat' dir='ltr'><strong>pro</strong></span> <span class='ocrx_word' id='word_1_67' title='bbox 1300 495 1485 540; x_wconf 85' lang='lat' dir='ltr'><strong>servitio,</strong></span> <span class='ocrx_word' id='word_1_68' title='bbox 1521 508 1592 543; x_wconf 82' lang='lat' dir='ltr'><strong>pro</strong></span> <span class='ocrx_word' id='word_1_69' title='bbox 1609 509 1687 545; x_wconf 86' lang='lat' dir='ltr'><strong>quo</strong></span> <span class='ocrx_word' id='word_1_70' title='bbox 1704 506 1811 532; x_wconf 89' lang='lat' dir='ltr'><strong>mer-</strong></span> 
     </span>
     <span class='ocr_line' id='line_1_9' title="bbox 487 543 1811 598; baseline 0.002 -16"><span class='ocrx_word' id='word_1_71' title='bbox 487 543 632 583; x_wconf 80' lang='lat' dir='ltr'><strong>cedem</strong></span> <span class='ocrx_word' id='word_1_72' title='bbox 652 544 799 594; x_wconf 78' lang='lat' dir='ltr'><strong>recipit</strong></span> <span class='ocrx_word' id='word_1_73' title='bbox 820 546 1032 596; x_wconf 76' lang='lat' dir='ltr'><strong>Pasqmzlig.</strong></span> <span class='ocrx_word' id='word_1_74' title='bbox 1047 549 1162 598; x_wconf 64' lang='lat' dir='ltr'><strong>qftaest.</strong></span> <span class='ocrx_word' id='word_1_75' title='bbox 1180 553 1271 593; x_wconf 89' lang='lat'>657.</span> <span class='ocrx_word' id='word_1_76' title='bbox 1288 561 1426 593; x_wconf 55' lang='lat' dir='ltr'><strong>namq,</strong></span> <span class='ocrx_word' id='word_1_77' title='bbox 1449 571 1462 591; x_wconf 68' lang='lat'><em>2</em></span> <span class='ocrx_word' id='word_1_78' title='bbox 1497 547 1714 597; x_wconf 79' lang='lat' dir='ltr'><strong>Pignattell.</strong></span> <span class='ocrx_word' id='word_1_79' title='bbox 1745 545 1811 584; x_wconf 76' lang='lat' dir='ltr'><strong>loc.</strong></span> 
     </span>
     <span class='ocr_line' id='line_1_10' title="bbox 483 597 1346 646; baseline 0.003 -11"><span class='ocrx_word' id='word_1_80' title='bbox 483 597 567 646; x_wconf 73' lang='lat' dir='ltr'><strong>fitp.</strong></span> <span class='ocrx_word' id='word_1_81' title='bbox 587 600 652 635; x_wconf 80' lang='lat' dir='ltr'><strong>cit.</strong></span> <span class='ocrx_word' id='word_1_82' title='bbox 671 601 863 638; x_wconf 79' lang='lat' dir='ltr'><strong>nur&#39;a.106.</strong></span> <span class='ocrx_word' id='word_1_83' title='bbox 879 622 892 640; x_wconf 81' lang='lat'><strong>‚</strong></span> <span class='ocrx_word' id='word_1_84' title='bbox 911 602 1053 638; x_wconf 75' lang='lat' dir='ltr'><strong>Gattic.</strong></span> <span class='ocrx_word' id='word_1_85' title='bbox 1070 602 1162 639; x_wconf 70' lang='lat' dir='ltr'><strong>ibid.</strong></span> <span class='ocrx_word' id='word_1_86' title='bbox 1180 615 1274 638; x_wconf 83' lang='lat' dir='ltr'><strong>num.</strong></span> <span class='ocrx_word' id='word_1_87' title='bbox 1286 615 1298 638; x_wconf 88' lang='lat'>1</span> <span class='ocrx_word' id='word_1_88' title='bbox 1310 613 1346 643; x_wconf 89' lang='lat'><strong>5.</strong></span> 
     </span>
    </p>

    <p class='ocr_par' dir='ltr' id='par_1_3' title="bbox 439 649 1814 1685">
     <span class='ocr_line' id='line_1_11' title="bbox 439 649 1814 702; baseline 0 -13"><span class='ocrx_word' id='word_1_89' title='bbox 439 649 733 699; x_wconf 85' lang='lat' dir='ltr'><strong>Hisitaquead</strong></span> <span class='ocrx_word' id='word_1_90' title='bbox 750 651 1035 699; x_wconf 63' lang='lat' dir='ltr'><strong>praedid’torum</strong></span> <span class='ocrx_word' id='word_1_91' title='bbox 1064 655 1279 692; x_wconf 88' lang='lat' dir='ltr'><strong>verborum</strong></span> <span class='ocrx_word' id='word_1_92' title='bbox 1306 651 1460 691; x_wconf 85' lang='lat' dir='ltr'><strong>sensum</strong></span> <span class='ocrx_word' id='word_1_93' title='bbox 1492 652 1814 702; x_wconf 86' lang='lat' dir='ltr'><strong>investigandum</strong></span> 
     </span>
     <span class='ocr_line' id='line_1_12' title="bbox 489 701 1814 752; baseline 0.002 -12"><span class='ocrx_word' id='word_1_94' title='bbox 489 703 718 752; x_wconf 74' lang='lat' dir='ltr'><strong>opportune</strong></span> <span class='ocrx_word' id='word_1_95' title='bbox 745 703 981 749; x_wconf 72' lang='lat' dir='ltr'><strong>praerniflfis,</strong></span> <span class='ocrx_word' id='word_1_96' title='bbox 1012 704 1315 744; x_wconf 80' lang='lat' dir='ltr'><strong>variasreferre</strong></span> <span class='ocrx_word' id='word_1_97' title='bbox 1341 701 1705 751; x_wconf 58' lang='lat' dir='ltr'><strong>juvab1306ioruxn</strong></span> <span class='ocrx_word' id='word_1_98' title='bbox 1724 704 1814 750; x_wconf 73' lang='lat' dir='ltr'><strong>opi-</strong></span> 
     </span>
     <span class='ocr_line' id='line_1_13' title="bbox 487 755 1809 807; baseline 0.002 -15"><span class='ocrx_word' id='word_1_99' title='bbox 487 756 628 793; x_wconf 84' lang='lat' dir='ltr'><strong>niones</strong></span> <span class='ocrx_word' id='word_1_100' title='bbox 646 783 659 804; x_wconf 73' lang='lat'>‚</span> <span class='ocrx_word' id='word_1_101' title='bbox 679 755 748 807; x_wconf 91' lang='lat' dir='ltr'><strong>qui</strong></span> <span class='ocrx_word' id='word_1_102' title='bbox 763 755 813 795; x_wconf 87' lang='lat' dir='ltr'><strong>de</strong></span> <span class='ocrx_word' id='word_1_103' title='bbox 826 755 934 794; x_wconf 88' lang='lat' dir='ltr'><strong>hisce</strong></span> <span class='ocrx_word' id='word_1_104' title='bbox 953 757 1131 796; x_wconf 75' lang='lat' dir='ltr'><strong>indultis</strong></span> <span class='ocrx_word' id='word_1_105' title='bbox 1147 767 1317 807; x_wconf 78' lang='lat' dir='ltr'><strong>egerunt</strong></span> <span class='ocrx_word' id='word_1_106' title='bbox 1333 786 1342 795; x_wconf 94' lang='lat'><strong>.</strong></span> <span class='ocrx_word' id='word_1_107' title='bbox 1378 755 1544 804; x_wconf 77' lang='lat' dir='ltr'><strong>jacobus</strong></span> <span class='ocrx_word' id='word_1_108' title='bbox 1565 756 1809 806; x_wconf 80' lang='lat' dir='ltr'><strong>Pignattelli</strong></span> 
     </span>
     <span class='ocr_line' id='line_1_14' title="bbox 489 809 1813 861; baseline 0.001 -14"><span class='ocrx_word' id='word_1_109' title='bbox 489 809 558 847; x_wconf 75' lang='lat' dir='ltr'><strong>loc.</strong></span> <span class='ocrx_word' id='word_1_110' title='bbox 577 810 682 847; x_wconf 81' lang='lat' dir='ltr'><strong>citat.</strong></span> <span class='ocrx_word' id='word_1_111' title='bbox 698 821 796 846; x_wconf 78' lang='lat' dir='ltr'><strong>num.</strong></span> <span class='ocrx_word' id='word_1_112' title='bbox 813 821 899 855; x_wconf 89' lang='lat'>107.</span> <span class='ocrx_word' id='word_1_113' title='bbox 919 833 931 852; x_wconf 93' lang='lat'>‚</span> <span class='ocrx_word' id='word_1_114' title='bbox 959 812 1163 861; x_wconf 79' lang='lat' dir='ltr'><strong>postquam</strong></span> <span class='ocrx_word' id='word_1_115' title='bbox 1196 809 1493 848; x_wconf 80' lang='lat' dir='ltr'><strong>animadvertit</strong></span> <span class='ocrx_word' id='word_1_116' title='bbox 1523 821 1591 848; x_wconf 87' lang='lat' dir='ltr'><strong>eos</strong></span> <span class='ocrx_word' id='word_1_117' title='bbox 1620 821 1813 858; x_wconf 72' lang='lat' dir='ltr'><strong>quoque.»</strong></span> 
     </span>
     <span class='ocr_line' id='line_1_15' title="bbox 488 859 1809 913; baseline -0.003 -12"><span class='ocrx_word' id='word_1_118' title='bbox 488 859 708 901; x_wconf 80' lang='lat' dir='ltr'><strong>Familiares</strong></span> <span class='ocrx_word' id='word_1_119' title='bbox 720 861 927 910; x_wconf 77' lang='lat' dir='ltr'><strong>neceffarios</strong></span> <span class='ocrx_word' id='word_1_120' title='bbox 954 862 1037 901; x_wconf 90' lang='lat' dir='ltr'><strong>dici</strong></span> <span class='ocrx_word' id='word_1_121' title='bbox 1053 887 1065 905; x_wconf 90' lang='lat'><strong>‚</strong></span> <span class='ocrx_word' id='word_1_122' title='bbox 1097 864 1165 913; x_wconf 86' lang='lat' dir='ltr'><strong>qui</strong></span> <span class='ocrx_word' id='word_1_123' title='bbox 1183 868 1271 900; x_wconf 81' lang='lat' dir='ltr'><strong>lunt</strong></span> <span class='ocrx_word' id='word_1_124' title='bbox 1288 861 1585 901; x_wconf 87' lang='lat' dir='ltr'><strong>convenientes</strong></span> <span class='ocrx_word' id='word_1_125' title='bbox 1602 887 1613 905; x_wconf 91' lang='lat'><em>,</em></span> <span class='ocrx_word' id='word_1_126' title='bbox 1631 863 1668 900; x_wconf 71' lang='lat' dir='ltr'><strong>Sc</strong></span> <span class='ocrx_word' id='word_1_127' title='bbox 1686 861 1809 899; x_wconf 89' lang='lat' dir='ltr'><strong>utiles</strong></span> 
     </span>
     <span class='ocr_line' id='line_1_16' title="bbox 489 912 1812 964; baseline -0.001 -13"><span class='ocrx_word' id='word_1_128' title='bbox 489 912 630 953; x_wconf 86' lang='lat' dir='ltr'><strong>habita</strong></span> <span class='ocrx_word' id='word_1_129' title='bbox 648 913 806 954; x_wconf 85' lang='lat' dir='ltr'><strong>ratione</strong></span> <span class='ocrx_word' id='word_1_130' title='bbox 823 914 1073 954; x_wconf 84' lang='lat' dir='ltr'><strong>conditionis</strong></span> <span class='ocrx_word' id='word_1_131' title='bbox 1093 915 1280 959; x_wconf 84' lang='lat' dir='ltr'><strong>Domini,</strong></span> <span class='ocrx_word' id='word_1_132' title='bbox 1301 928 1366 953; x_wconf 82' lang='lat' dir='ltr'><strong>cui</strong></span> <span class='ocrx_word' id='word_1_133' title='bbox 1384 914 1611 953; x_wconf 87' lang='lat' dir='ltr'><strong>inserviunt</strong></span> <span class='ocrx_word' id='word_1_134' title='bbox 1630 940 1641 958; x_wconf 94' lang='lat'>,</span> <span class='ocrx_word' id='word_1_135' title='bbox 1656 927 1704 952; x_wconf 91' lang='lat' dir='ltr'><strong>eo</strong></span> <span class='ocrx_word' id='word_1_136' title='bbox 1719 913 1812 964; x_wconf 84' lang='lat' dir='ltr'><strong>quia</strong></span> 
     </span>
     <span class='ocr_line' id='line_1_17' title="bbox 492 966 1812 1012; baseline -0.002 -7"><span class='ocrx_word' id='word_1_137' title='bbox 492 966 707 1006; x_wconf 85' lang='lat' dir='ltr'><strong>servitium</strong></span> <span class='ocrx_word' id='word_1_138' title='bbox 736 979 812 1005; x_wconf 90' lang='lat' dir='ltr'><strong>non</strong></span> <span class='ocrx_word' id='word_1_139' title='bbox 830 967 876 1005; x_wconf 84' lang='lat' dir='ltr'><strong>fit</strong></span> <span class='ocrx_word' id='word_1_140' title='bbox 902 968 1070 1007; x_wconf 91' lang='lat' dir='ltr'><strong>omnino</strong></span> <span class='ocrx_word' id='word_1_141' title='bbox 1098 967 1358 1007; x_wconf 76' lang='lat' dir='ltr'><strong>ueceffarium</strong></span> <span class='ocrx_word' id='word_1_142' title='bbox 1390 967 1569 1012; x_wconf 63' lang='lat' dir='ltr'><strong>respeftu</strong></span> <span class='ocrx_word' id='word_1_143' title='bbox 1599 966 1768 1004; x_wconf 85' lang='lat' dir='ltr'><strong>Domini</strong></span> <span class='ocrx_word' id='word_1_144' title='bbox 1796 991 1812 1009; x_wconf 83' lang='grc'><em>,</em></span> 
     </span>
     <span class='ocr_line' id='line_1_18' title="bbox 490 1017 1809 1065; baseline -0.002 -7"><span class='ocrx_word' id='word_1_145' title='bbox 490 1017 558 1058; x_wconf 85' lang='lat' dir='ltr'><strong>sed</strong></span> <span class='ocrx_word' id='word_1_146' title='bbox 576 1027 738 1058; x_wconf 84' lang='lat' dir='ltr'><strong>tantum</strong></span> <span class='ocrx_word' id='word_1_147' title='bbox 752 1020 1002 1058; x_wconf 83' lang='lat' dir='ltr'><strong>conveniens</strong></span> <span class='ocrx_word' id='word_1_148' title='bbox 1021 1046 1036 1065; x_wconf 89' lang='lat'>‚</span> <span class='ocrx_word' id='word_1_149' title='bbox 1062 1022 1100 1061; x_wconf 68' lang='grc' dir='ltr'><strong>ὃ(</strong></span> <span class='ocrx_word' id='word_1_150' title='bbox 1116 1021 1222 1060; x_wconf 89' lang='lat' dir='ltr'><strong>utile</strong></span> <span class='ocrx_word' id='word_1_151' title='bbox 1238 1045 1249 1063; x_wconf 86' lang='lat'><strong>‚</strong></span> <span class='ocrx_word' id='word_1_152' title='bbox 1284 1032 1328 1058; x_wconf 84' lang='lat' dir='ltr'><strong>ac</strong></span> <span class='ocrx_word' id='word_1_153' title='bbox 1348 1018 1574 1063; x_wconf 68' lang='lat' dir='ltr'><strong>necessitas,</strong></span> <span class='ocrx_word' id='word_1_154' title='bbox 1593 1020 1630 1058; x_wconf 88' lang='lat'>&amp;</span> <span class='ocrx_word' id='word_1_155' title='bbox 1647 1019 1809 1057; x_wconf 82' lang='lat' dir='ltr'><strong>utilitas</strong></span> 
     </span>
     <span class='ocr_line' id='line_1_19' title="bbox 490 1069 1810 1122; baseline -0.002 -12"><span class='ocrx_word' id='word_1_156' title='bbox 490 1071 634 1116; x_wconf 84' lang='lat' dir='ltr'><strong>injure</strong></span> <span class='ocrx_word' id='word_1_157' title='bbox 655 1072 950 1122; x_wconf 54' lang='lat' dir='ltr'><strong>aequiparantur</strong></span> <span class='ocrx_word' id='word_1_158' title='bbox 983 1076 1067 1122; x_wconf 83' lang='lat' dir='ltr'><strong>Cap.</strong></span> <span class='ocrx_word' id='word_1_159' title='bbox 1083 1076 1126 1111; x_wconf 84' lang='lat' dir='ltr'><strong>In</strong></span> <span class='ocrx_word' id='word_1_160' title='bbox 1142 1074 1251 1122; x_wconf 81' lang='lat' dir='ltr'><strong>caufis</strong></span> <span class='ocrx_word' id='word_1_161' title='bbox 1281 1073 1327 1109; x_wconf 86' lang='lat' dir='ltr'><strong>de</strong></span> <span class='ocrx_word' id='word_1_162' title='bbox 1354 1069 1518 1121; x_wconf 79' lang='lat' dir='ltr'><strong>rejudic.</strong></span> <span class='ocrx_word' id='word_1_163' title='bbox 1537 1097 1548 1116; x_wconf 93' lang='lat'><strong><em>‚</em></strong></span> <span class='ocrx_word' id='word_1_164' title='bbox 1576 1073 1756 1112; x_wconf 77' lang='lat' dir='ltr'><strong>Innocent.</strong></span> <span class='ocrx_word' id='word_1_165' title='bbox 1771 1075 1810 1107; x_wconf 73' lang='lat' dir='ltr'><strong>in</strong></span> 
     </span>
     <span class='ocr_line' id='line_1_20' title="bbox 492 1123 1810 1175; baseline -0.001 -14"><span class='ocrx_word' id='word_1_166' title='bbox 492 1132 567 1172; x_wconf 80' lang='lat' dir='ltr'><strong>cap.</strong></span> <span class='ocrx_word' id='word_1_167' title='bbox 583 1126 674 1163; x_wconf 83' lang='lat' dir='ltr'><strong>Cum</strong></span> <span class='ocrx_word' id='word_1_168' title='bbox 689 1139 805 1163; x_wconf 78' lang='lat' dir='ltr'><strong>omnes</strong></span> <span class='ocrx_word' id='word_1_169' title='bbox 825 1128 871 1163; x_wconf 87' lang='lat' dir='ltr'><strong>de</strong></span> <span class='ocrx_word' id='word_1_170' title='bbox 889 1126 1034 1175; x_wconf 69' lang='lat' dir='ltr'><strong>Constit.</strong></span> <span class='ocrx_word' id='word_1_171' title='bbox 1051 1150 1064 1169; x_wconf 76' lang='lat'>,</span> <span class='ocrx_word' id='word_1_172' title='bbox 1080 1125 1194 1164; x_wconf 85' lang='lat' dir='ltr'><strong>addit</strong></span> <span class='ocrx_word' id='word_1_173' title='bbox 1211 1152 1223 1170; x_wconf 92' lang='lat'><strong>‚</strong></span> <span class='ocrx_word' id='word_1_174' title='bbox 1259 1123 1488 1173; x_wconf 62' lang='lat' dir='ltr'><strong>praedie‘tam</strong></span> <span class='ocrx_word' id='word_1_175' title='bbox 1503 1124 1725 1162; x_wconf 81' lang='lat' dir='ltr'><strong>clausulam</strong></span> <span class='ocrx_word' id='word_1_176' title='bbox 1747 1123 1810 1161; x_wconf 87' lang='lat' dir='ltr'><strong>in-</strong></span> 
     </span>
     <span class='ocr_line' id='line_1_21' title="bbox 490 1175 1808 1226; baseline -0.003 -11"><span class='ocrx_word' id='word_1_177' title='bbox 490 1176 762 1226; x_wconf 84' lang='lat' dir='ltr'><strong>telligendam</strong></span> <span class='ocrx_word' id='word_1_178' title='bbox 788 1176 865 1217; x_wconf 82' lang='lat' dir='ltr'><strong>esse</strong></span> <span class='ocrx_word' id='word_1_179' title='bbox 885 1178 934 1217; x_wconf 90' lang='lat' dir='ltr'><strong>de</strong></span> <span class='ocrx_word' id='word_1_180' title='bbox 949 1178 1231 1217; x_wconf 80' lang='lat' dir='ltr'><strong>Familiaribus</strong></span> <span class='ocrx_word' id='word_1_181' title='bbox 1248 1175 1580 1217; x_wconf 70' lang='lat' dir='ltr'><strong>necessariistam</strong></span> <span class='ocrx_word' id='word_1_182' title='bbox 1595 1189 1667 1224; x_wconf 78' lang='lat' dir='ltr'><strong>pro</strong></span> <span class='ocrx_word' id='word_1_183' title='bbox 1680 1175 1808 1214; x_wconf 68' lang='lat' dir='ltr'><strong>servi.-</strong></span> 
     </span>
     <span class='ocr_line' id='line_1_22' title="bbox 489 1228 1807 1279; baseline -0.001 -12"><span class='ocrx_word' id='word_1_184' title='bbox 489 1228 551 1267; x_wconf 86' lang='lat' dir='ltr'><strong>tio</strong></span> <span class='ocrx_word' id='word_1_185' title='bbox 569 1230 768 1277; x_wconf 83' lang='lat' dir='ltr'><strong>personali</strong></span> <span class='ocrx_word' id='word_1_186' title='bbox 790 1255 800 1273; x_wconf 93' lang='lat'>,</span> <span class='ocrx_word' id='word_1_187' title='bbox 814 1242 933 1279; x_wconf 84' lang='lat' dir='ltr'><strong>quam</strong></span> <span class='ocrx_word' id='word_1_188' title='bbox 946 1232 1177 1279; x_wconf 69' lang='lat' dir='ltr'><strong>proservieio</strong></span> <span class='ocrx_word' id='word_1_189' title='bbox 1193 1233 1368 1268; x_wconf 83' lang='lat' dir='ltr'><strong>communi</strong></span> <span class='ocrx_word' id='word_1_190' title='bbox 1385 1232 1505 1266; x_wconf 82' lang='lat' dir='ltr'><strong>domus</strong></span> <span class='ocrx_word' id='word_1_191' title='bbox 1525 1254 1538 1273; x_wconf 93' lang='lat'>‚</span> <span class='ocrx_word' id='word_1_192' title='bbox 1555 1229 1807 1278; x_wconf 83' lang='lat' dir='ltr'><strong>proindeque</strong></span> 
     </span>
     <span class='ocr_line' id='line_1_23' title="bbox 487 1279 1808 1334; baseline -0.002 -15"><span class='ocrx_word' id='word_1_193' title='bbox 487 1281 696 1319; x_wconf 85' lang='lat' dir='ltr'><strong>neminem</strong></span> <span class='ocrx_word' id='word_1_194' title='bbox 724 1283 884 1320; x_wconf 85' lang='lat' dir='ltr'><strong>excludi</strong></span> <span class='ocrx_word' id='word_1_195' title='bbox 919 1295 962 1322; x_wconf 87' lang='lat' dir='ltr'><strong>ex</strong></span> <span class='ocrx_word' id='word_1_196' title='bbox 981 1283 1030 1322; x_wconf 88' lang='lat' dir='ltr'><strong>iis</strong></span> <span class='ocrx_word' id='word_1_197' title='bbox 1049 1308 1062 1326; x_wconf 84' lang='lat'>,</span> <span class='ocrx_word' id='word_1_198' title='bbox 1093 1284 1269 1334; x_wconf 87' lang='lat' dir='ltr'><strong>quisunt</strong></span> <span class='ocrx_word' id='word_1_199' title='bbox 1305 1282 1500 1332; x_wconf 80' lang='lat' dir='ltr'><strong>inaliquo</strong></span> <span class='ocrx_word' id='word_1_200' title='bbox 1519 1279 1808 1320; x_wconf 56' lang='lat' dir='ltr'><strong>achialiservi-</strong></span> 
     </span>
     <span class='ocr_line' id='line_1_24' title="bbox 488 1332 1810 1385; baseline 0.001 -15"><span class='ocrx_word' id='word_1_201' title='bbox 488 1332 551 1370; x_wconf 87' lang='lat' dir='ltr'><strong>tio</strong></span> <span class='ocrx_word' id='word_1_202' title='bbox 590 1345 816 1372; x_wconf 73' lang='lat' dir='ltr'><strong>concernente</strong></span> <span class='ocrx_word' id='word_1_203' title='bbox 855 1337 998 1372; x_wconf 74' lang='lat' dir='ltr'><strong>domum</strong></span> <span class='ocrx_word' id='word_1_204' title='bbox 1030 1337 1262 1385; x_wconf 74' lang='lat' dir='ltr'><strong>privilegiati</strong></span> <span class='ocrx_word' id='word_1_205' title='bbox 1290 1365 1299 1374; x_wconf 91' lang='lat'><strong><em>.</em></strong></span> <span class='ocrx_word' id='word_1_206' title='bbox 1356 1334 1430 1373; x_wconf 84' lang='lat' dir='ltr'><strong>Ait</strong></span> <span class='ocrx_word' id='word_1_207' title='bbox 1462 1333 1569 1373; x_wconf 83' lang='lat' dir='ltr'><strong>euim</strong></span> <span class='ocrx_word' id='word_1_208' title='bbox 1615 1333 1810 1372; x_wconf 76' lang='lat' dir='ltr'><strong>exclusio-</strong></span> 
     </span>
     <span class='ocr_line' id='line_1_25' title="bbox 490 1386 1809 1436; baseline 0.002 -15"><span class='ocrx_word' id='word_1_209' title='bbox 490 1396 584 1422; x_wconf 90' lang='lat' dir='ltr'><strong>nem</strong></span> <span class='ocrx_word' id='word_1_210' title='bbox 613 1399 755 1425; x_wconf 88' lang='lat' dir='ltr'><strong>eorum</strong></span> <span class='ocrx_word' id='word_1_211' title='bbox 782 1413 795 1432; x_wconf 88' lang='lat'><strong>‚</strong></span> <span class='ocrx_word' id='word_1_212' title='bbox 840 1387 909 1436; x_wconf 91' lang='lat' dir='ltr'><strong>qui</strong></span> <span class='ocrx_word' id='word_1_213' title='bbox 952 1389 1129 1428; x_wconf 77' lang='lat' dir='ltr'><strong>servitiis</strong></span> <span class='ocrx_word' id='word_1_214' title='bbox 1177 1387 1433 1435; x_wconf 83' lang='lat' dir='ltr'><strong>privilegiati</strong></span> <span class='ocrx_word' id='word_1_215' title='bbox 1475 1400 1552 1425; x_wconf 89' lang='lat' dir='ltr'><strong>non</strong></span> <span class='ocrx_word' id='word_1_216' title='bbox 1595 1386 1684 1424; x_wconf 89' lang='lat' dir='ltr'><strong>sunt</strong></span> <span class='ocrx_word' id='word_1_217' title='bbox 1737 1397 1809 1423; x_wconf 89' lang='lat' dir='ltr'><strong>ne-</strong></span> 
     </span>
     <span class='ocr_line' id='line_1_26' title="bbox 488 1435 1810 1488; baseline 0 -14"><span class='ocrx_word' id='word_1_218' title='bbox 488 1435 647 1475; x_wconf 79' lang='lat' dir='ltr'><strong>ceffarii</strong></span> <span class='ocrx_word' id='word_1_219' title='bbox 681 1464 694 1482; x_wconf 81' lang='grc'>,</span> <span class='ocrx_word' id='word_1_220' title='bbox 722 1452 798 1477; x_wconf 89' lang='lat' dir='ltr'><strong>non</strong></span> <span class='ocrx_word' id='word_1_221' title='bbox 825 1441 1046 1478; x_wconf 88' lang='lat' dir='ltr'><strong>convenire</strong></span> <span class='ocrx_word' id='word_1_222' title='bbox 1082 1441 1365 1480; x_wconf 84' lang='lat' dir='ltr'><strong>exhibentibus</strong></span> <span class='ocrx_word' id='word_1_223' title='bbox 1393 1450 1650 1488; x_wconf 82' lang='lat' dir='ltr'><strong>quocumque</strong></span> <span class='ocrx_word' id='word_1_224' title='bbox 1688 1438 1810 1475; x_wconf 86' lang='lat' dir='ltr'><strong>modo</strong></span> 
     </span>
     <span class='ocr_line' id='line_1_27' title="bbox 491 1487 1813 1541; baseline -0.001 -14"><span class='ocrx_word' id='word_1_225' title='bbox 491 1487 738 1529; x_wconf 77' lang='lat' dir='ltr'><strong>famulatum</strong></span> <span class='ocrx_word' id='word_1_226' title='bbox 755 1517 768 1536; x_wconf 93' lang='lat'>‚</span> <span class='ocrx_word' id='word_1_227' title='bbox 797 1491 903 1541; x_wconf 88' lang='lat' dir='ltr'><strong>quod</strong></span> <span class='ocrx_word' id='word_1_228' title='bbox 922 1492 958 1529; x_wconf 88' lang='lat' dir='ltr'><strong>in</strong></span> <span class='ocrx_word' id='word_1_229' title='bbox 981 1492 1092 1530; x_wconf 87' lang='lat' dir='ltr'><strong>illius</strong></span> <span class='ocrx_word' id='word_1_230' title='bbox 1111 1493 1326 1531; x_wconf 85' lang='lat' dir='ltr'><strong>servitium</strong></span> <span class='ocrx_word' id='word_1_231' title='bbox 1358 1491 1582 1530; x_wconf 86' lang='lat' dir='ltr'><strong>redundet:</strong></span> <span class='ocrx_word' id='word_1_232' title='bbox 1613 1489 1813 1537; x_wconf 81' lang='lat' dir='ltr'><strong>Qialem-</strong></span> 
     </span>
     <span class='ocr_line' id='line_1_28' title="bbox 490 1542 1814 1592; baseline 0.001 -14"><span class='ocrx_word' id='word_1_233' title='bbox 490 1553 670 1591; x_wconf 89' lang='lat' dir='ltr'><strong>cumque</strong></span> <span class='ocrx_word' id='word_1_234' title='bbox 685 1552 824 1582; x_wconf 87' lang='lat' dir='ltr'><strong>autem</strong></span> <span class='ocrx_word' id='word_1_235' title='bbox 843 1542 1087 1581; x_wconf 84' lang='lat' dir='ltr'><strong>famulatum</strong></span> <span class='ocrx_word' id='word_1_236' title='bbox 1104 1544 1141 1581; x_wconf 93' lang='lat' dir='ltr'><strong>in</strong></span> <span class='ocrx_word' id='word_1_237' title='bbox 1158 1544 1411 1592; x_wconf 78' lang='lat' dir='ltr'><strong>privilegiati</strong></span> <span class='ocrx_word' id='word_1_238' title='bbox 1433 1544 1647 1583; x_wconf 88' lang='lat' dir='ltr'><strong>servitium</strong></span> <span class='ocrx_word' id='word_1_239' title='bbox 1663 1543 1814 1580; x_wconf 84' lang='lat' dir='ltr'><strong>redun-</strong></span> 
     </span>
     <span class='ocr_line' id='line_1_29' title="bbox 494 1593 1813 1646; baseline 0 -15"><span class='ocrx_word' id='word_1_240' title='bbox 494 1593 590 1631; x_wconf 88' lang='lat' dir='ltr'><strong>dare</strong></span> <span class='ocrx_word' id='word_1_241' title='bbox 610 1593 745 1632; x_wconf 69' lang='lat' dir='ltr'><strong>asserit</strong></span> <span class='ocrx_word' id='word_1_242' title='bbox 763 1619 775 1637; x_wconf 90' lang='lat'><strong>‚</strong></span> <span class='ocrx_word' id='word_1_243' title='bbox 795 1595 833 1634; x_wconf 63' lang='grc' dir='ltr'><strong>δε</strong></span> <span class='ocrx_word' id='word_1_244' title='bbox 852 1594 946 1634; x_wconf 84' lang='lat' dir='ltr'><strong>ideo</strong></span> <span class='ocrx_word' id='word_1_245' title='bbox 961 1598 1089 1644; x_wconf 84' lang='lat' dir='ltr'><strong>potest</strong></span> <span class='ocrx_word' id='word_1_246' title='bbox 1106 1595 1157 1635; x_wconf 86' lang='lat' dir='ltr'><strong>de</strong></span> <span class='ocrx_word' id='word_1_247' title='bbox 1174 1597 1262 1644; x_wconf 79' lang='lat' dir='ltr'><strong>ipfis</strong></span> <span class='ocrx_word' id='word_1_248' title='bbox 1282 1594 1500 1640; x_wconf 82' lang='lat' dir='ltr'><strong>verificari,</strong></span> <span class='ocrx_word' id='word_1_249' title='bbox 1514 1596 1621 1646; x_wconf 87' lang='lat' dir='ltr'><strong>quod</strong></span> <span class='ocrx_word' id='word_1_250' title='bbox 1634 1593 1813 1634; x_wconf 84' lang='lat' dir='ltr'><strong>servitiis</strong></span> 
     </span>
     <span class='ocr_line' id='line_1_30' title="bbox 493 1645 815 1685; baseline 0.006 -3"><span class='ocrx_word' id='word_1_251' title='bbox 493 1645 815 1685; x_wconf 66' lang='lat' dir='ltr'><strong>fintnecessarfi.</strong></span> 
     </span>
    </p>

    <p class='ocr_par' dir='ltr' id='par_1_4' title="bbox 439 1695 1822 2531">
     <span class='ocr_line' id='line_1_31' title="bbox 439 1695 1818 1749; baseline -0.003 -12"><span class='ocrx_word' id='word_1_252' title='bbox 439 1695 583 1737; x_wconf 81' lang='lat' dir='ltr'><strong>Eidem</strong></span> <span class='ocrx_word' id='word_1_253' title='bbox 601 1696 730 1737; x_wconf 75' lang='lat' dir='ltr'><strong>ferme</strong></span> <span class='ocrx_word' id='word_1_254' title='bbox 747 1699 959 1739; x_wconf 75' lang='lat' dir='ltr'><strong>sementi-e</strong></span> <span class='ocrx_word' id='word_1_255' title='bbox 978 1699 1139 1739; x_wconf 80' lang='lat' dir='ltr'><strong>adhaefit</strong></span> <span class='ocrx_word' id='word_1_256' title='bbox 1157 1700 1391 1739; x_wconf 58' lang='lat' dir='ltr'><strong>Caratpetra</strong></span> <span class='ocrx_word' id='word_1_257' title='bbox 1405 1700 1453 1736; x_wconf 83' lang='lat' dir='ltr'><strong>ad</strong></span> <span class='ocrx_word' id='word_1_258' title='bbox 1471 1698 1616 1749; x_wconf 77' lang='lat' dir='ltr'><strong>Constit.</strong></span> <span class='ocrx_word' id='word_1_259' title='bbox 1638 1703 1673 1737; x_wconf 77' lang='lat'><strong>8.</strong></span> <span class='ocrx_word' id='word_1_260' title='bbox 1687 1700 1818 1736; x_wconf 79' lang='lat' dir='ltr'><strong>Hono-</strong></span> 
     </span>
     <span class='ocr_line' id='line_1_32' title="bbox 491 1749 1815 1803; baseline 0.002 -17"><span class='ocrx_word' id='word_1_261' title='bbox 491 1752 541 1786; x_wconf 78' lang='lat' dir='ltr'><strong>rii</strong></span> <span class='ocrx_word' id='word_1_262' title='bbox 553 1750 706 1799; x_wconf 84' lang='lat' dir='ltr'><strong>Ill.sec.</strong></span> <span class='ocrx_word' id='word_1_263' title='bbox 728 1755 928 1791; x_wconf 64' lang='lat' dir='ltr'><strong>anianum.</strong></span> <span class='ocrx_word' id='word_1_264' title='bbox 947 1756 1011 1793; x_wconf 81' lang='lat'><strong>63.</strong></span> <span class='ocrx_word' id='word_1_265' title='bbox 1029 1777 1041 1795; x_wconf 86' lang='lat'><strong>‚</strong></span> <span class='ocrx_word' id='word_1_266' title='bbox 1078 1753 1146 1803; x_wconf 90' lang='lat' dir='ltr'><strong>qui</strong></span> <span class='ocrx_word' id='word_1_267' title='bbox 1178 1753 1331 1801; x_wconf 82' lang='lat' dir='ltr'><strong>pariter</strong></span> <span class='ocrx_word' id='word_1_268' title='bbox 1361 1751 1538 1790; x_wconf 81' lang='lat' dir='ltr'><strong>affirmat</strong></span> <span class='ocrx_word' id='word_1_269' title='bbox 1556 1777 1569 1795; x_wconf 91' lang='lat'>,</span> <span class='ocrx_word' id='word_1_270' title='bbox 1600 1749 1815 1790; x_wconf 78' lang='lat' dir='ltr'><strong>neceffita-</strong></span> 
     </span>
     <span class='ocr_line' id='line_1_33' title="bbox 493 1801 1809 1853; baseline 0.002 -15"><span class='ocrx_word' id='word_1_271' title='bbox 493 1808 579 1839; x_wconf 90' lang='lat' dir='ltr'><strong>tem</strong></span> <span class='ocrx_word' id='word_1_272' title='bbox 600 1825 613 1845; x_wconf 91' lang='lat'><strong>‚</strong></span> <span class='ocrx_word' id='word_1_273' title='bbox 643 1801 693 1841; x_wconf 92' lang='lat' dir='ltr'><strong>de</strong></span> <span class='ocrx_word' id='word_1_274' title='bbox 710 1804 845 1853; x_wconf 86' lang='lat' dir='ltr'><strong>quain</strong></span> <span class='ocrx_word' id='word_1_275' title='bbox 861 1804 1086 1853; x_wconf 67' lang='lat' dir='ltr'><strong>supradic‘ta</strong></span> <span class='ocrx_word' id='word_1_276' title='bbox 1104 1806 1283 1843; x_wconf 84' lang='lat' dir='ltr'><strong>clausula</strong></span> <span class='ocrx_word' id='word_1_277' title='bbox 1304 1805 1434 1844; x_wconf 87' lang='lat' dir='ltr'><strong>sermo</strong></span> <span class='ocrx_word' id='word_1_278' title='bbox 1460 1805 1512 1842; x_wconf 87' lang='lat' dir='ltr'><strong>est</strong></span> <span class='ocrx_word' id='word_1_279' title='bbox 1529 1829 1541 1848; x_wconf 90' lang='lat'>‚</span> <span class='ocrx_word' id='word_1_280' title='bbox 1574 1802 1809 1841; x_wconf 70' lang='lat' dir='ltr'><strong>sumendam</strong></span> 
     </span>
     <span class='ocr_line' id='line_1_34' title="bbox 492 1850 1813 1908; baseline 0 -16"><span class='ocrx_word' id='word_1_281' title='bbox 492 1850 569 1892; x_wconf 82' lang='lat' dir='ltr'><strong>effe</strong></span> <span class='ocrx_word' id='word_1_282' title='bbox 587 1866 664 1892; x_wconf 87' lang='lat' dir='ltr'><strong>non</strong></span> <span class='ocrx_word' id='word_1_283' title='bbox 679 1855 807 1893; x_wconf 89' lang='lat' dir='ltr'><strong>solum</strong></span> <span class='ocrx_word' id='word_1_284' title='bbox 823 1857 1004 1904; x_wconf 64' lang='lat' dir='ltr'><strong>respec‘tu</strong></span> <span class='ocrx_word' id='word_1_285' title='bbox 1027 1857 1223 1902; x_wconf 88' lang='lat' dir='ltr'><strong>Domini,</strong></span> <span class='ocrx_word' id='word_1_286' title='bbox 1249 1857 1343 1908; x_wconf 87' lang='lat' dir='ltr'><strong>quia</strong></span> <span class='ocrx_word' id='word_1_287' title='bbox 1362 1865 1477 1897; x_wconf 85' lang='lat' dir='ltr'><strong>certe</strong></span> <span class='ocrx_word' id='word_1_288' title='bbox 1490 1857 1554 1895; x_wconf 90' lang='lat' dir='ltr'><strong>vel</strong></span> <span class='ocrx_word' id='word_1_289' title='bbox 1575 1856 1727 1898; x_wconf 88' lang='lat' dir='ltr'><strong>nullus,</strong></span> <span class='ocrx_word' id='word_1_290' title='bbox 1745 1854 1813 1894; x_wconf 87' lang='lat' dir='ltr'><strong>vel</strong></span> 
     </span>
     <span class='ocr_line' id='line_1_35' title="bbox 494 1907 1818 1959; baseline 0.001 -16"><span class='ocrx_word' id='word_1_291' title='bbox 494 1917 596 1943; x_wconf 88' lang='lat' dir='ltr'><strong>unus</strong></span> <span class='ocrx_word' id='word_1_292' title='bbox 617 1915 779 1945; x_wconf 86' lang='lat' dir='ltr'><strong>tantum</strong></span> <span class='ocrx_word' id='word_1_293' title='bbox 809 1907 1040 1947; x_wconf 84' lang='lat' dir='ltr'><strong>Familiaris</strong></span> <span class='ocrx_word' id='word_1_294' title='bbox 1069 1910 1347 1959; x_wconf 84' lang='lat' dir='ltr'><strong>requireretur</strong></span> <span class='ocrx_word' id='word_1_295' title='bbox 1363 1935 1376 1954; x_wconf 87' lang='lat'>,</span> <span class='ocrx_word' id='word_1_296' title='bbox 1392 1908 1469 1953; x_wconf 53' lang='lat' dir='ltr'><strong>,sed</strong></span> <span class='ocrx_word' id='word_1_297' title='bbox 1487 1908 1665 1955; x_wconf 55' lang='lat' dir='ltr'><strong>respetqu</strong></span> <span class='ocrx_word' id='word_1_298' title='bbox 1686 1907 1818 1946; x_wconf 84' lang='lat' dir='ltr'><strong>totius</strong></span> 
     </span>
     <span class='ocr_line' id='line_1_36' title="bbox 491 1957 1818 2010; baseline 0 -13"><span class='ocrx_word' id='word_1_299' title='bbox 491 1957 651 1997; x_wconf 86' lang='lat' dir='ltr'><strong>Domus</strong></span> <span class='ocrx_word' id='word_1_300' title='bbox 680 1971 689 1996; x_wconf 91' lang='lat'>:</span> <span class='ocrx_word' id='word_1_301' title='bbox 718 1958 867 2010; x_wconf 88' lang='lat' dir='ltr'><strong>Neque</strong></span> <span class='ocrx_word' id='word_1_302' title='bbox 889 1961 1145 2008; x_wconf 59' lang='lat' dir='ltr'><strong>speetandam</strong></span> <span class='ocrx_word' id='word_1_303' title='bbox 1178 1961 1460 2001; x_wconf 81' lang='lat' dir='ltr'><strong>neceffitatem</strong></span> <span class='ocrx_word' id='word_1_304' title='bbox 1493 1961 1695 2002; x_wconf 75' lang='lat' dir='ltr'><strong>uhvficam</strong></span> <span class='ocrx_word' id='word_1_305' title='bbox 1724 1983 1737 2003; x_wconf 87' lang='lat'>‚</span> <span class='ocrx_word' id='word_1_306' title='bbox 1779 1959 1818 1998; x_wconf 65' lang='grc' dir='ltr'><strong>ὃς</strong></span> 
     </span>
     <span class='ocr_line' id='line_1_37' title="bbox 494 2009 1814 2064; baseline 0.002 -17"><span class='ocrx_word' id='word_1_307' title='bbox 494 2009 623 2058; x_wconf 89' lang='lat' dir='ltr'><strong>quoad</strong></span> <span class='ocrx_word' id='word_1_308' title='bbox 642 2010 799 2050; x_wconf 85' lang='lat' dir='ltr'><strong>Miffam</strong></span> <span class='ocrx_word' id='word_1_309' title='bbox 817 2040 829 2057; x_wconf 95' lang='lat'>‚</span> <span class='ocrx_word' id='word_1_310' title='bbox 860 2013 953 2064; x_wconf 86' lang='lat' dir='ltr'><strong>quia</strong></span> <span class='ocrx_word' id='word_1_311' title='bbox 973 2012 1259 2063; x_wconf 83' lang='lat' dir='ltr'><strong>privilegiatus</strong></span> <span class='ocrx_word' id='word_1_312' title='bbox 1276 2022 1464 2060; x_wconf 89' lang='lat' dir='ltr'><strong>tempore</strong></span> <span class='ocrx_word' id='word_1_313' title='bbox 1483 2011 1608 2051; x_wconf 72' lang='lat' dir='ltr'><strong>Miffie</strong></span> <span class='ocrx_word' id='word_1_314' title='bbox 1624 2012 1739 2050; x_wconf 88' lang='lat' dir='ltr'><strong>nullo</strong></span> <span class='ocrx_word' id='word_1_315' title='bbox 1757 2011 1814 2049; x_wconf 85' lang='lat' dir='ltr'><strong>in-</strong></span> 
     </span>
     <span class='ocr_line' id='line_1_38' title="bbox 493 2061 1808 2115; baseline 0.004 -14"><span class='ocrx_word' id='word_1_316' title='bbox 493 2061 608 2112; x_wconf 86' lang='lat' dir='ltr'><strong>diget</strong></span> <span class='ocrx_word' id='word_1_317' title='bbox 628 2062 835 2104; x_wconf 83' lang='lat' dir='ltr'><strong>Familiari</strong></span> <span class='ocrx_word' id='word_1_318' title='bbox 855 2092 867 2111; x_wconf 90' lang='lat'>‚</span> <span class='ocrx_word' id='word_1_319' title='bbox 898 2065 966 2104; x_wconf 85' lang='lat' dir='ltr'><strong>nifi</strong></span> <span class='ocrx_word' id='word_1_320' title='bbox 982 2065 1108 2107; x_wconf 84' lang='lat' dir='ltr'><strong>fuerit</strong></span> <span class='ocrx_word' id='word_1_321' title='bbox 1125 2075 1287 2115; x_wconf 86' lang='lat' dir='ltr'><strong>egrotus</strong></span> <span class='ocrx_word' id='word_1_322' title='bbox 1306 2092 1319 2111; x_wconf 86' lang='lat'>‚</span> <span class='ocrx_word' id='word_1_323' title='bbox 1341 2067 1406 2106; x_wconf 90' lang='lat' dir='ltr'><strong>sed</strong></span> <span class='ocrx_word' id='word_1_324' title='bbox 1422 2066 1600 2109; x_wconf 54' lang='lat' dir='ltr'><strong>respeiftu</strong></span> <span class='ocrx_word' id='word_1_325' title='bbox 1621 2064 1808 2107; x_wconf 77' lang='lat' dir='ltr'><strong>Domini,</strong></span> 
     </span>
     <span class='ocr_line' id='line_1_39' title="bbox 491 2114 1810 2165; baseline 0 -11"><span class='ocrx_word' id='word_1_326' title='bbox 491 2115 533 2154; x_wconf 71' lang='grc' dir='ltr'><strong>ὃ(</strong></span> <span class='ocrx_word' id='word_1_327' title='bbox 560 2114 724 2164; x_wconf 86' lang='lat' dir='ltr'><strong>quidem</strong></span> <span class='ocrx_word' id='word_1_328' title='bbox 752 2117 926 2165; x_wconf 54' lang='lat' dir='ltr'><strong>inspecta</strong></span> <span class='ocrx_word' id='word_1_329' title='bbox 959 2118 1107 2157; x_wconf 90' lang='lat' dir='ltr'><strong>morali</strong></span> <span class='ocrx_word' id='word_1_330' title='bbox 1150 2118 1388 2158; x_wconf 77' lang='lat' dir='ltr'><strong>necestitate</strong></span> <span class='ocrx_word' id='word_1_331' title='bbox 1417 2148 1429 2158; x_wconf 82' lang='lat'><strong>.</strong></span> <span class='ocrx_word' id='word_1_332' title='bbox 1469 2117 1601 2156; x_wconf 77' lang='lat' dir='ltr'><strong>Notat</strong></span> <span class='ocrx_word' id='word_1_333' title='bbox 1636 2126 1810 2155; x_wconf 67' lang='lat' dir='ltr'><strong>tamem,</strong></span> 
     </span>
     <span class='ocr_line' id='line_1_40' title="bbox 494 2166 1817 2221; baseline 0 -15"><span class='ocrx_word' id='word_1_334' title='bbox 494 2166 769 2207; x_wconf 74' lang='lat' dir='ltr'><strong>excludendos</strong></span> <span class='ocrx_word' id='word_1_335' title='bbox 799 2169 874 2209; x_wconf 82' lang='lat' dir='ltr'><strong>esse</strong></span> <span class='ocrx_word' id='word_1_336' title='bbox 893 2171 1080 2211; x_wconf 81' lang='lat' dir='ltr'><strong>Famulos</strong></span> <span class='ocrx_word' id='word_1_337' title='bbox 1097 2170 1178 2209; x_wconf 86' lang='lat' dir='ltr'><strong>ruri</strong></span> <span class='ocrx_word' id='word_1_338' title='bbox 1199 2170 1396 2220; x_wconf 87' lang='lat' dir='ltr'><strong>degentes</strong></span> <span class='ocrx_word' id='word_1_339' title='bbox 1414 2197 1427 2216; x_wconf 89' lang='lat'>,</span> <span class='ocrx_word' id='word_1_340' title='bbox 1453 2168 1650 2221; x_wconf 87' lang='lat' dir='ltr'><strong>quidquid</strong></span> <span class='ocrx_word' id='word_1_341' title='bbox 1666 2167 1817 2207; x_wconf 86' lang='lat' dir='ltr'><strong>dixerit</strong></span> 
     </span>
     <span class='ocr_line' id='line_1_41' title="bbox 494 2219 1812 2274; baseline 0.002 -17"><span class='ocrx_word' id='word_1_342' title='bbox 494 2219 714 2266; x_wconf 75' lang='lat' dir='ltr'><strong>Pascuccius</strong></span> <span class='ocrx_word' id='word_1_343' title='bbox 729 2225 768 2259; x_wconf 82' lang='lat' dir='ltr'><strong>in</strong></span> <span class='ocrx_word' id='word_1_344' title='bbox 782 2227 961 2274; x_wconf 83' lang='lat' dir='ltr'><strong>compend.</strong></span> <span class='ocrx_word' id='word_1_345' title='bbox 984 2247 998 2266; x_wconf 87' lang='lat'>‚</span> <span class='ocrx_word' id='word_1_346' title='bbox 1029 2226 1071 2266; x_wconf 57' lang='grc' dir='ltr'><strong>ὠ*</strong></span> <span class='ocrx_word' id='word_1_347' title='bbox 1088 2224 1278 2272; x_wconf 61' lang='grc' dir='ltr'><strong>Ακοβαζ.</strong></span> <span class='ocrx_word' id='word_1_348' title='bbox 1294 2226 1338 2262; x_wconf 86' lang='lat' dir='ltr'><strong>de</strong></span> <span class='ocrx_word' id='word_1_349' title='bbox 1356 2225 1448 2271; x_wconf 75' lang='lat' dir='ltr'><strong>caus</strong></span> <span class='ocrx_word' id='word_1_350' title='bbox 1464 2227 1532 2272; x_wconf 82' lang='lat' dir='ltr'><strong>piis</strong></span> <span class='ocrx_word' id='word_1_351' title='bbox 1549 2223 1609 2261; x_wconf 74' lang='lat' dir='ltr'><strong>lib.</strong></span> <span class='ocrx_word' id='word_1_352' title='bbox 1617 2234 1652 2265; x_wconf 86' lang='lat'><strong>5.</strong></span> <span class='ocrx_word' id='word_1_353' title='bbox 1669 2230 1812 2270; x_wconf 58' lang='lat' dir='ltr'><strong>capno·</strong></span> 
     </span>
     <span class='ocr_line' id='line_1_42' title="bbox 495 2275 1817 2326; baseline 0.002 -18"><span class='ocrx_word' id='word_1_354' title='bbox 495 2285 597 2311; x_wconf 75' lang='lat' dir='ltr'><strong>num.</strong></span> <span class='ocrx_word' id='word_1_355' title='bbox 619 2285 683 2319; x_wconf 88' lang='lat'><strong>59.</strong></span> <span class='ocrx_word' id='word_1_356' title='bbox 697 2299 711 2318; x_wconf 90' lang='lat'>,</span> <span class='ocrx_word' id='word_1_357' title='bbox 738 2285 810 2313; x_wconf 90' lang='lat' dir='ltr'><strong>nec</strong></span> <span class='ocrx_word' id='word_1_358' title='bbox 831 2289 908 2315; x_wconf 88' lang='lat' dir='ltr'><strong>non</strong></span> <span class='ocrx_word' id='word_1_359' title='bbox 926 2277 1112 2315; x_wconf 84' lang='lat' dir='ltr'><strong>Famulos</strong></span> <span class='ocrx_word' id='word_1_360' title='bbox 1130 2300 1142 2319; x_wconf 84' lang='lat'>‚</span> <span class='ocrx_word' id='word_1_361' title='bbox 1172 2276 1239 2326; x_wconf 89' lang='lat' dir='ltr'><strong>qui</strong></span> <span class='ocrx_word' id='word_1_362' title='bbox 1255 2277 1426 2320; x_wconf 74' lang='lat' dir='ltr'><strong>servitio</strong></span> <span class='ocrx_word' id='word_1_363' title='bbox 1443 2275 1611 2314; x_wconf 88' lang='lat' dir='ltr'><strong>Domini</strong></span> <span class='ocrx_word' id='word_1_364' title='bbox 1630 2282 1817 2321; x_wconf 87' lang='lat' dir='ltr'><strong>tempore</strong></span> 
     </span>
     <span class='ocr_line' id='line_1_43' title="bbox 496 2323 1817 2377; baseline 0.002 -16"><span class='ocrx_word' id='word_1_365' title='bbox 496 2323 626 2362; x_wconf 67' lang='lat' dir='ltr'><strong>Missa:</strong></span> <span class='ocrx_word' id='word_1_366' title='bbox 646 2336 722 2364; x_wconf 81' lang='lat' dir='ltr'><strong>non</strong></span> <span class='ocrx_word' id='word_1_367' title='bbox 744 2328 832 2368; x_wconf 91' lang='lat' dir='ltr'><strong>sunt</strong></span> <span class='ocrx_word' id='word_1_368' title='bbox 852 2330 941 2367; x_wconf 67' lang='lat' dir='ltr'><strong>aestu</strong></span> <span class='ocrx_word' id='word_1_369' title='bbox 960 2328 1197 2371; x_wconf 69' lang='lat' dir='ltr'><strong>necessarii,</strong></span> <span class='ocrx_word' id='word_1_370' title='bbox 1228 2337 1272 2366; x_wconf 90' lang='lat' dir='ltr'><strong>ut</strong></span> <span class='ocrx_word' id='word_1_371' title='bbox 1303 2329 1391 2367; x_wconf 87' lang='lat' dir='ltr'><strong>sunt</strong></span> <span class='ocrx_word' id='word_1_372' title='bbox 1409 2328 1572 2377; x_wconf 83' lang='lat' dir='ltr'><strong>Aurigae</strong></span> <span class='ocrx_word' id='word_1_373' title='bbox 1591 2353 1603 2372; x_wconf 89' lang='lat'><strong>‚</strong></span> <span class='ocrx_word' id='word_1_374' title='bbox 1629 2328 1668 2366; x_wconf 72' lang='grc' dir='ltr'><strong>ὃς</strong></span> <span class='ocrx_word' id='word_1_375' title='bbox 1699 2326 1817 2371; x_wconf 80' lang='lat' dir='ltr'><strong>hujus</strong></span> 
     </span>
     <span class='ocr_line' id='line_1_44' title="bbox 499 2376 1819 2420; baseline 0.002 -6"><span class='ocrx_word' id='word_1_376' title='bbox 499 2376 753 2417; x_wconf 85' lang='lat' dir='ltr'><strong>conditionis</strong></span> <span class='ocrx_word' id='word_1_377' title='bbox 768 2380 838 2418; x_wconf 87' lang='lat' dir='ltr'><strong>alii</strong></span> <span class='ocrx_word' id='word_1_378' title='bbox 859 2411 868 2420; x_wconf 91' lang='lat'>.</span> <span class='ocrx_word' id='word_1_379' title='bbox 904 2381 1186 2419; x_wconf 67' lang='lat' dir='ltr'><strong>Diverfimcdee</strong></span> <span class='ocrx_word' id='word_1_380' title='bbox 1203 2390 1338 2419; x_wconf 89' lang='lat' dir='ltr'><strong>tamen</strong></span> <span class='ocrx_word' id='word_1_381' title='bbox 1356 2380 1575 2419; x_wconf 89' lang='lat' dir='ltr'><strong>dicendum</strong></span> <span class='ocrx_word' id='word_1_382' title='bbox 1590 2380 1751 2419; x_wconf 84' lang='lat' dir='ltr'><strong>sustinet</strong></span> <span class='ocrx_word' id='word_1_383' title='bbox 1766 2376 1819 2417; x_wconf 90' lang='lat' dir='ltr'><strong>de</strong></span> 
     </span>
     <span class='ocr_line' id='line_1_45' title="bbox 501 2428 1822 2487; baseline 0.005 -24"><span class='ocrx_word' id='word_1_384' title='bbox 501 2428 678 2485; x_wconf 70' lang='lat' dir='ltr'><strong>Ephebis</strong></span> <span class='ocrx_word' id='word_1_385' title='bbox 695 2456 708 2475; x_wconf 90' lang='lat'>,</span> <span class='ocrx_word' id='word_1_386' title='bbox 735 2443 784 2469; x_wconf 92' lang='lat' dir='ltr'><strong>ac</strong></span> <span class='ocrx_word' id='word_1_387' title='bbox 800 2432 852 2471; x_wconf 91' lang='lat' dir='ltr'><strong>de</strong></span> <span class='ocrx_word' id='word_1_388' title='bbox 866 2433 1047 2472; x_wconf 81' lang='lat' dir='ltr'><strong>Ancillis</strong></span> <span class='ocrx_word' id='word_1_389' title='bbox 1065 2459 1078 2477; x_wconf 86' lang='lat'><strong>‚</strong></span> <span class='ocrx_word' id='word_1_390' title='bbox 1105 2446 1190 2483; x_wconf 81' lang='lat' dir='ltr'><strong>quae</strong></span> <span class='ocrx_word' id='word_1_391' title='bbox 1209 2434 1365 2472; x_wconf 89' lang='lat' dir='ltr'><strong>suarum</strong></span> <span class='ocrx_word' id='word_1_392' title='bbox 1395 2433 1665 2471; x_wconf 86' lang='lat' dir='ltr'><strong>Dominarum</strong></span> <span class='ocrx_word' id='word_1_393' title='bbox 1695 2430 1822 2487; x_wconf 82' lang='lat' dir='ltr'><strong>servi·</strong></span> 
     </span>
     <span class='ocr_line' id='line_1_46' title="bbox 500 2482 1821 2531; baseline 0.003 -14"><span class='ocrx_word' id='word_1_394' title='bbox 500 2489 573 2518; x_wconf 82' lang='lat' dir='ltr'><strong>tiis</strong></span> <span class='ocrx_word' id='word_1_395' title='bbox 605 2482 695 2521; x_wconf 59' lang='lat' dir='ltr'><strong>astu</strong></span> <span class='ocrx_word' id='word_1_396' title='bbox 724 2484 946 2524; x_wconf 71' lang='lat' dir='ltr'><strong>necessariae</strong></span> <span class='ocrx_word' id='word_1_397' title='bbox 976 2487 1190 2525; x_wconf 74' lang='lat' dir='ltr'><strong>censentur</strong></span> <span class='ocrx_word' id='word_1_398' title='bbox 1218 2512 1230 2530; x_wconf 90' lang='lat'>‚</span> <span class='ocrx_word' id='word_1_399' title='bbox 1273 2498 1321 2524; x_wconf 90' lang='lat' dir='ltr'><strong>ne</strong></span> <span class='ocrx_word' id='word_1_400' title='bbox 1350 2485 1489 2524; x_wconf 90' lang='lat' dir='ltr'><strong>debito</strong></span> <span class='ocrx_word' id='word_1_401' title='bbox 1517 2485 1721 2524; x_wconf 85' lang='lat' dir='ltr'><strong>comitatu</strong></span> <span class='ocrx_word' id='word_1_402' title='bbox 1739 2494 1821 2531; x_wconf 82' lang='lat' dir='ltr'><strong>pri·</strong></span> 
     </span>
    </p>

    <p class='ocr_par' dir='ltr' id='par_1_5' title="bbox 501 2535 1864 2680">
     <span class='ocr_line' id='line_1_47' title="bbox 505 2535 1822 2587; baseline -0.004 -9"><span class='ocrx_word' id='word_1_403' title='bbox 505 2541 684 2578; x_wconf 86' lang='lat' dir='ltr'><strong>ventur,</strong></span> <span class='ocrx_word' id='word_1_404' title='bbox 715 2536 809 2586; x_wconf 81' lang='lat' dir='ltr'><strong>quia</strong></span> <span class='ocrx_word' id='word_1_405' title='bbox 839 2550 915 2576; x_wconf 89' lang='lat' dir='ltr'><strong>non</strong></span> <span class='ocrx_word' id='word_1_406' title='bbox 946 2539 1073 2576; x_wconf 78' lang='lat' dir='ltr'><strong>{blurn</strong></span> <span class='ocrx_word' id='word_1_407' title='bbox 1104 2540 1302 2587; x_wconf 54' lang='lat' dir='ltr'><strong>respeeius</strong></span> <span class='ocrx_word' id='word_1_408' title='bbox 1331 2538 1465 2577; x_wconf 78' lang='lat' dir='ltr'><strong>haberi</strong></span> <span class='ocrx_word' id='word_1_409' title='bbox 1506 2538 1626 2577; x_wconf 87' lang='lat' dir='ltr'><strong>debet</strong></span> <span class='ocrx_word' id='word_1_410' title='bbox 1657 2535 1707 2575; x_wconf 86' lang='lat' dir='ltr'><strong>ad</strong></span> <span class='ocrx_word' id='word_1_411' title='bbox 1730 2545 1822 2583; x_wconf 83' lang='lat' dir='ltr'><strong>per-</strong></span> 
     </span>
     <span class='ocr_line' id='line_1_48' title="bbox 504 2584 1864 2641; baseline -0.001 -12"><span class='ocrx_word' id='word_1_412' title='bbox 504 2584 645 2629; x_wconf 71' lang='lat' dir='ltr'><strong>sonas,</strong></span> <span class='ocrx_word' id='word_1_413' title='bbox 673 2589 886 2630; x_wconf 82' lang='lat' dir='ltr'><strong>sedetiam</strong></span> <span class='ocrx_word' id='word_1_414' title='bbox 919 2591 967 2632; x_wconf 91' lang='lat' dir='ltr'><strong>ad</strong></span> <span class='ocrx_word' id='word_1_415' title='bbox 997 2591 1152 2631; x_wconf 87' lang='lat' dir='ltr'><strong>Domos</strong></span> <span class='ocrx_word' id='word_1_416' title='bbox 1171 2618 1184 2638; x_wconf 91' lang='lat'>‚</span> <span class='ocrx_word' id='word_1_417' title='bbox 1213 2590 1560 2630; x_wconf 83' lang='lat' dir='ltr'><strong>neaDom&#39;esticis</strong></span> <span class='ocrx_word' id='word_1_418' title='bbox 1592 2588 1818 2641; x_wconf 48' lang='lat' dir='ltr'><strong>derelistaae</strong></span> <span class='ocrx_word' id='word_1_419' title='bbox 1861 2603 1864 2609; x_wconf 95' lang='lat'>·</span> 
     </span>
     <span class='ocr_line' id='line_1_49' title="bbox 501 2649 747 2680; baseline 0.024 -5"><span class='ocrx_word' id='word_1_420' title='bbox 501 2649 718 2680; x_wconf 80' lang='lat' dir='ltr'><strong>remaneat</strong></span> <span class='ocrx_word' id='word_1_421' title='bbox 736 2669 747 2680; x_wconf 87' lang='lat'>.</span> 
     </span>
    </p>
   </div>
   <div class='ocr_carea' id='block_1_2' title="bbox 1713 2743 1831 2785">
    <p class='ocr_par' dir='ltr' id='par_1_6' title="bbox 1713 2743 1831 2785">
     <span class='ocr_line' id='line_1_50' title="bbox 1713 2743 1831 2785; baseline -0.017 0"><span class='ocrx_word' id='word_1_422' title='bbox 1713 2743 1831 2785; x_wconf 78' lang='lat' dir='ltr'><strong>Hanc</strong></span> 
     </span>
    </p>
   </div>
  </div>
 </body>
</html>
