1924 2970
485 102 509 135 6
890 99 950 133 26.
969 93 1151 142 Jumcarii
1182 107 1294 141 ¹77¹·

486 148 553 187 loc.
564 148 645 198 [φ
661 149 766 185 citat.
786 171 797 192 ,
822 158 863 189 ,y
877 150 917 184 in
929 147 1103 197 leffpoi
1106 161 1162 186 en
1199 158 1260 191 28.
1268 146 1420 197 Aprilis
1445 156 1558 194 1593.
1564 147 1625 185 lib.
1632 160 1666 193 7.
1673 150 1810 189 decretu

510 215 552 250 ag
585 205 668 240 106.
686 210 777 248 teig.

432 211 634 300 Idpiigisum
652 249 872 291 dicendum
901 252 949 292 de
968 252 1151 292 Testibus
1172 279 1184 298 ,
1217 252 1285 302 qui
1316 264 1393 291 una
1421 263 1514 290 cum
1549 251 1733 292 Parocho
1760 251 1810 290 ad

481 304 743 344 Matrimonii
761 304 1024 343 validitatem
1043 317 1087 343 ex
1104 305 1275 344 decreto
1298 304 1477 343 Concilii
1510 305 1778 361 requiruntur
1795 329 1811 348 ‚

485 369 577 396 cum
609 369 751 396 omnes
791 358 1002 409 ner-cinere
1042 358 1217 396 debeant
1251 367 1443 395 mutuum
1472 355 1812 395 contrahentium

483 410 716 449 consensum
734 435 744 446 .
765 408 1103 467 perpendendum
1122 418 1261 447 tamen
1282 410 1362 453 est,
1390 421 1435 446 an
1456 408 1686 454 hujusmodi
1705 419 1806 446 con-

417 493 424 500 .
485 462 616 501 sensns
648 460 780 501 verbis
808 461 978 509 exprimi
1000 461 1144 500 debeat
1164 486 1176 504 ,
1205 461 1271 498 vel
1302 459 1475 499 sufficiat
1511 462 1630 500 illum
1659 470 1804 500 eruere

485 525 529 552 ex
549 514 682 563 lignis,
699 513 861 552 nutibus
879 537 890 556 ‚
918 513 1071 551 at‘tibus
1089 538 1102 556 ,
1120 513 1292 561 aliisque
1319 513 1430 551 circu
1441 515 1636 552 nstintiis
1657 539 1670 557 ,
1709 524 1800 563 qui:

480 565 800 605 Matrimonium
816 565 1144 608 antecesserunt,
1173 564 1384 603 comitati*
1405 591 1417 609 ‚
1449 575 1518 604 aut
1552 566 1688 616 subseq
1697 573 1804 605 uutt

482 618 571 656 sunt
589 644 602 663 ,
632 619 739 659 itaut
770 620 845 656 hoc
863 618 984 656 modo
1006 616 1177 655 Parochi
1195 640 1208 659 ,
1243 617 1280 655 Sc
1301 616 1440 656 Testes
1457 619 1562 656 adeo
1589 579 1692 658 certqi
1720 615 1802 656 esse

479 669 627 718 possint
657 670 707 709 de
725 669 1058 708 contrahentium
1090 669 1305 707 voluntate
1325 694 1337 713 ,
1371 678 1415 707 ut
1445 669 1493 710 de
1526 670 1629 709 inito
1649 669 1807 708 Matri·

478 722 618 762 monio
652 721 948 760 Testimonium
978 720 1190 770 perhibere
1225 721 1421 764 valeant,
1444 722 1801 771 [quemadmodum

478 774 662 813 advertit
678 775 856 819 Sanchez,
869 775 914 812 de
924 775 1094 812 Matrim.
1122 773 1184 811 lib.
1207 787 1241 811 2.
1257 773 1462 821 disput-39·
1482 787 1582 812 num.
1601 788 1635 816 2,
1654 798 1666 817 ‚
1700 773 1800 820 Boff.

477 827 554 865 eod.
573 828 675 865 trac7.
693 835 768 876 cap.
791 841 820 865 1.
836 836 871 869 π.
894 840 954 869 23.
969 839 1066 864 num.
1075 830 1135 868 58.
1156 849 1169 869 ‚
1203 828 1376 874 &c11p.3.
1394 840 1490 866 nura.
1510 839 1553 869 23
1573 852 1585 872 ,
1620 827 1798 864 Gutrier.

476 880 568 917 ibid.
585 889 662 928 cap.
669 884 733 927 69.
750 893 847 918 num.
852 894 891 926 9.

429 931 635 990 Qiamvis
651 940 791 971 autem
819 945 898 971 non
926 931 1082 990 desint,
1109 929 1177 988 qui
1209 931 1446 970 consensum
1479 932 1688 983 requirant
1706 942 1800 970 ver-

475 985 534 1024 bis
566 982 788 1043 expressum
819 1010 832 1031 ,
872 985 911 1024 in
944 984 1025 1028 iis,
1057 983 1125 1033 qui
1163 982 1276 1033 loqui
1309 983 1495 1033 potsunt,
1527 999 1561 1025 n
1571 983 1796 1024 nilominus

473 1037 582 1076 istius
595 1036 800 1085 opinionis
820 1036 972 1076 asseclae
999 1047 1076 1073 non
1091 1033 1324 1075 diffitentur
1339 1061 1352 1082 ,
1373 1039 1587 1077 nonnullas
1604 1035 1803 1082 adiicien-

474 1088 544 1129 das
565 1087 640 1129 effe
659 1090 939 1129 limitationes
955 1114 967 1134 ‚
997 1089 1036 1129 Sc
1054 1088 1254 1137 praecipue
1269 1114 1281 1133 ,
1311 1089 1416 1140 quod
1438 1090 1477 1129 id
1508 1103 1584 1129 non
1604 1088 1801 1139 procedat

476 1141 516 1181 in
548 1141 823 1181 Matrimonio
855 1143 1100 1190 praesumpto
1127 1141 1442 1188 praesumptione
1472 1144 1574 1188 juris
1605 1149 1800 1185 tanturn,

474 1203 595 1244 prout
613 1194 651 1233 in
674 1194 943 1234 Matrimonio
960 1207 980 1233 a
1000 1193 1243 1233 Parentibus
1260 1193 1437 1234 filiorum
1455 1194 1620 1234 nomine
1637 1201 1804 1232 contra-

476 1248 542 1286 ἂο
561 1272 574 1292 ,
604 1260 684 1298 quo
700 1249 791 1287 casu
805 1248 1037 1287 admittunt
1053 1245 1235 1285 sufficere
1249 1246 1429 1286 filiorum
1444 1247 1804 1290 taciturnitatem,

475 1300 642 1349 Fagnan.
658 1303 699 1338 in
714 1303 799 1351 Cap.
819 1302 904 1339 Tuae
919 1298 1169 1338 Fraternitati
1196 1301 1241 1337 de
1255 1301 1416 1350 Sponsal.
1435 1300 1692 1346 ,&Matrim.
1719 1297 1803 1337 Ra·-

476 1352 636 1392 tionem
665 1363 806 1392 autem
823 1352 940 1393 affert
976 1353 1029 1392 D
1047 1350 1227 1390 Thomas
1265 1366 1303 1391 iu
1328 1368 1369 1402 4.
1387 1357 1534 1392 Senten.
1563 1351 1719 1401 distinfi.
1739 1364 1804 1398 27.

476 1407 594 1454 quaest.
619 1419 650 1444 1.
671 1410 776 1445 artic.
798 1421 834 1446 2.
849 1409 947 1449 ad3.
967 1432 980 1450 ‚
1008 1405 1107 1443 dum
1137 1404 1239 1443 dicit
1271 1431 1283 1448 ,
1311 1406 1417 1456 quod
1445 1406 1563 1446 verba
1595 1403 1794 1443 Parentis

475 1466 719 1506 reputantur
732 1459 807 1498 1111!
827 1484 840 1503 ,
855 1459 961 1508 quisi
979 1470 1057 1497 non
1072 1457 1344 1503 contradicat,
1364 1460 1509 1506 praebet
1525 1459 1676 1508 fignum
1703 1468 1804 1495 con-

477 1510 644 1550 sensus.
673 1510 764 1550 Alii
790 1520 930 1549 tamen
965 1536 978 1553 ,
1010 1521 1108 1558 quos
1139 1512 1323 1550 recenset
1353 1512 1560 1560 Fagnanus
1594 1511 1668 1548 loco
1697 1513 1802 1549 citat.

475 1575 646 1600 numm.
668 1564 743 1600 hac
761 1570 934 1600 utuntur
951 1560 1208 1598 distinetione
1224 1585 1238 1605 ,
1262 1564 1367 1609 quod
1387 1564 1546 1603 scilicet
1563 1587 1576 1606 ,
1602 1572 1671 1601 aut
1699 1573 1803 1611 prae·

475 1612 589 1652 cessit
608 1614 805 1652 trat‘tatus
827 1611 1089 1651 Matrimonii
1109 1635 1121 1653 ‚
1150 1612 1188 1651 &
1204 1620 1304 1651 tunc
1332 1618 1452 1652 verba
1471 1613 1688 1654 necessaria
1714 1625 1797 1653 non

471 1665 564 1703 sunt
582 1690 595 1710 ‚
619 1665 715 1714 quia
733 1677 778 1704 ex
798 1665 1041 1703 trattatibus
1054 1665 1392 1711 praecedentibus,
1408 1666 1445 1704 ἀ
1464 1677 1508 1702 ex
1528 1665 1791 1715 sequentibus

468 1717 585 1765 fignis
613 1717 797 1757 Ecclefiae
815 1717 865 1755 de
885 1716 1158 1755 Matrimonio
1173 1716 1266 1754 satis
1280 1720 1458 1756 constat:
1488 1718 1575 1756 Aut
1594 1717 1693 1755 vero
1710 1717 1799 1755 nul-

470 1769 534 1807 lus
562 1768 759 1817 praeceffit
788 1769 984 1807 tractatus
1012 1793 1025 1812 ,
1055 1769 1092 1807 Sc
1127 1767 1165 1806 in
1197 1767 1267 1807 isto
1295 1772 1384 1808 casu
1405 1796 1418 1815 ,
1450 1769 1544 1818 quia
1576 1768 1700 1809 ardua
1732 1769 1794 1807 ni-

464 1819 543 1858 mis
559 1845 572 1865 ‚
613 1822 652 1862 &
669 1824 786 1869 plena
817 1821 990 1869 periculi
1017 1832 1080 1861 res
1096 1821 1149 1859 est
1168 1843 1180 1863 ‚
1198 1832 1244 1859 ex
1263 1821 1358 1860 solis
1376 1821 1539 1861 indiciis
1555 1846 1568 1865 ,
1594 1821 1630 1860 δι’
1655 1821 1798 1867 conje-

467 1873 592 1912 t‘turis
635 1874 687 1913 de
731 1873 999 1912 matrimonio
1032 1871 1214 1918 judicare
1244 1897 1258 1917 2
1302 1874 1458 1914 idcirco
1503 1873 1681 1913 Ecclesia
1721 1885 1794 1922 per

472 1926 595 1965 verba
638 1938 660 1965 a
694 1924 1048 1965 contrahentibus
1091 1925 1252 1974 prolata
1289 1927 1446 1970 certior
1492 1926 1542 1965 de
1586 1927 1661 1965 'illo
1700 1925 1792 1964 fieri

470 1978 619 2017 debeat
646 2007 657 2019 .

415 2030 586 2071 Certum
620 2031 673 2070 est
705 2032 744 2070 in
761 2032 945 2081 praesenti
970 2032 1061 2071 casu
1079 2053 1094 2074 ‚
1111 2028 1336 2071 Parochum
1355 2031 1495 2071 vidisse
1515 2041 1603 2070 tum
1622 2029 1796 2076 Virum,

468 2092 557 2123 tum
592 2081 806 2129 Puellam,
836 2085 956 2124 illum
984 2084 1151 2135 quidem
1168 2088 1336 2132 genibus
1365 2085 1412 2123 ad
1429 2084 1600 2133 gradum
1629 2084 1789 2123 Altaris

466 2136 734 2185 provolutum
750 2161 763 2182 ‚
793 2139 894 2176 hanc
915 2139 1012 2177 vero
1042 2136 1092 2176 ad
1108 2137 1255 2176 ostium
1277 2138 1477 2186 Capellae:
1509 2136 1790 2186 Insuperque,

461 2188 656 2227 audiviffe
675 2188 822 2228 Virum
838 2189 1050 2229 dicentem
1079 2205 1106 2226 .·:
1138 2191 1201 2228 che
1215 2191 1269 2228 lai
1283 2204 1344 2227 era
1357 2198 1521 2228 contento
1548 2187 1738 2237 disposare
1753 2186 1793 2228 la

463 2242 565 2278 detta
586 2239 795 2289 Duffourn,
829 2256 848 2280 e
860 2243 924 2280 che
942 2243 1060 2292 questa
1075 2253 1214 2292 erapur
1230 2253 1394 2280 contenta
1409 2243 1449 2279 di
1461 2241 1651 2291 prenderlo
1663 2254 1678 2280 2·
1708 2239 1791 2279 Ni-

467 2293 528 2331 hil
563 2301 701 2332 autem
729 2305 752 2333 a
780 2293 925 2334 Puella
950 2293 1121 2344 proferri
1146 2292 1340 2334 audiviffe
1367 2320 1379 2339 ,
1412 2292 1789 2344 quemadmodum.»

461 2345 564 2384 nihil
583 2346 801 2385 audierunt
830 2346 967 2391 Sacri,
1000 2347 1278 2398 quiaderant‚
1296 2346 1465 2386 Ministri
1495 2374 1505 2385 .
1553 2345 1792 2389 Videndum

463 2397 604 2447 itaque
635 2398 757 2448 quid
749 2408 973 2447 importent
1002 2402 1122 2440 verba
1152 2415 1172 2440 a
1190 2399 1292 2440 Viro
1308 2400 1466 2447 prolata
1484 2425 1496 2443 ,
1512 2400 1550 2438 &
1567 2398 1662 2448 quid
1676 2398 1785 2443 judi-

462 2449 635 2488 candum
648 2450 697 2490 de
717 2452 877 2490 filentio
892 2450 1067 2492 Puellae.
1099 2452 1334 2503 Utrumque
1349 2451 1545 2491 definient
1568 2448 1751 2493 EmiPP.
1769 2472 1785 2494 9

465 2502 561 2540 dum
580 2502 876 2546 respondebunt
894 2504 1016 2544 dubio

411 2554 485 2597 An
499 2554 627 2604 constet
644 2556 691 2593 de
704 2557 875 2595 nullitate
889 2546 1126 2597 Matrimonii
1138 2584 1151 2606 ,
1170 2561 1208 2596 in
1223 2558 1307 2607 casu
1320 2559 1397 2601 &a

619 2659 826 2711 Negative
841 2691 851 2700 .
1719 2699 1786 2746 BL
