1924 2970
478 97 531 138 64
975 97 1036 135 14.
1049 86 1189 127 Martii
1215 96 1329 131 1772.

478 145 532 182 lia
551 140 664 178 Ceva
682 139 790 177 intei-
807 137 993 177 homines
1009 139 1107 184 dieti
1124 138 1247 177 Castri
1264 135 1393 176 fuerit
1407 141 1602 186 cooptata
1620 157 1633 179 ‚
1662 144 1740 173 nec
1755 134 1814 176 de

477 192 707 234 adieffione
722 191 968 242 acquirenda
986 201 1160 240 unquam
1187 190 1493 239 cogitaverint:
1526 202 1603 227 non
1638 187 1807 227 demum

478 244 658 284 domicilio
673 270 685 290 ‚
713 245 807 296 qnia
823 246 897 281 hoc
915 242 1035 285 fixum
1054 241 1135 283 fuir
1164 243 1202 284 in
1219 243 1405 282 Civitate
1423 242 1656 282 Tudertina
1672 263 1685 283 ‚
1714 240 1811 277 nul·

474 301 599 350 loque
617 297 741 341 modo
759 298 949 346 probatur
964 296 1124 336 animus
1144 304 1342 344 perpetuo
1359 297 1398 335 in
1414 296 1601 335 eoCastro
1617 292 1807 331 habitans

472 351 543 397 di,
567 350 616 389 ad
632 350 737 400 quod
756 348 909 388 nonnisi
941 349 1006 386 vel
1034 349 1154 387 causa
1191 348 1495 394 rusticationis,
1527 348 1594 390 vel
1625 345 1798 384 culturae

472 406 702 448 bonorum,
731 402 795 441 vel
818 401 934 440 causa
949 400 1125 443 aliorum
1156 402 1418 450 negotiorum
1445 400 1636 440 homines
1662 407 1710 436 ex
1744 393 1806 434 fae

470 456 588 496 milia
603 454 714 493 Ceva
729 452 952 504 aliquando
969 453 1007 492 se
1024 454 1306 493 contulerunt.

421 509 532 552 Hinc
552 520 630 551 non
649 506 778 546 obesse
795 533 809 552 9
838 504 945 556 quod
971 504 1140 548 domum
1169 516 1351 555 apertam
1368 507 1407 546 in
1442 520 1489 546 eo
1521 505 1658 545 Castro
1688 501 1794 541 reti·
1852 502 1857 507 '

472 560 641 603 nuerint
661 584 674 603 ,
693 560 796 600 bona
812 556 1061 606 possederint
1075 583 1087 603 ‚
1105 571 1151 597 ac
1167 558 1302 607 saepius
1316 560 1365 599 ad
1381 559 1537 599 dictum
1551 558 1738 596 Castrum
1757 554 1798 593 se

475 611 735 653 contulerint
752 640 761 652 .
785 611 926 658 Inquit
941 609 1204 654 enim9solum
1218 611 1369 650 fastum
1385 611 1617 651 materialis
1638 608 1802 647 habita-

469 665 599 705 tionis
615 663 762 714 absque
778 663 915 704 animo
947 672 1147 711 perpetuo
1175 664 1388 706 habitandi
1420 664 1605 712 ineptum
1638 660 1716 700 effe
1751 659 1802 699 ad

472 717 723 769 qualitatem
738 716 914 755 civicam
934 714 1204 759 inducendam
1221 741 1233 760 ‚
1253 717 1627 767 aquirendamque:
1656 712 1700 750 ln
1720 714 1796 753 hoc

469 769 740 812 discriminari
756 769 868 808 cives
884 780 904 807 a
919 767 1153 813 forensibus,
1172 779 1216 808 ut
1234 769 1297 810 illi
1321 781 1397 807 una
1420 780 1512 807 cum
1542 764 1798 806 habitatione

471 822 656 863 animum
673 830 876 871 perpetuo
895 820 1101 864 habitandi
1121 823 1292 862 habeant
1313 848 1324 866 ‚
1353 822 1395 863 hi
1418 834 1516 861 vero
1532 816 1798 857 meterialem

467 883 632 915 tantum
648 873 945 914 habitationem
961 873 1173 914 obtineant
1191 899 1204 918 ‚
1221 875 1464 924 animusque
1485 874 1571 921 ipfis
1590 870 1692 909 defit
1709 880 1801 918 per-

467 935 602 976 petuae
620 925 889 971 habitationis
908 935 918 946 ·
950 925 1001 966 Et
1021 937 1162 966 revera
1183 927 1305 976 usque
1336 928 1384 964 ab
1400 938 1504 964 anno
1527 937 1640 970 1707·
1659 926 1801 969 Ange-

468 981 558 1019 lum
574 979 687 1019 Ceva
712 979 851 1023 Avum
879 977 1130 1026 descriptum
1161 977 1277 1018 fuiffe
1300 979 1339 1017 in
1370 979 1477 1018 libro
1495 980 1616 1017 status
1643 975 1802 1014 anima—

472 1040 564 1071 tum
582 1030 788 1073 Parochiae
807 1030 847 1071 S.
867 1029 1056 1075 Praxedis
1087 1029 1327 1074 Tudertinae
1345 1056 1358 1076 ‚
1392 1031 1526 1080 ibique
1555 1038 1697 1068 verum
1727 1026 1802 1066 do-

471 1084 679 1127 micilium
695 1095 801 1131 cum?
817 1083 957 1125 animo
972 1092 1170 1131 perpetuo
1187 1082 1393 1122 habitandi
1411 1081 1530 1121 fixiffe
1556 1110 1566 1123 .
1597 1080 1803 1128 Spernens-

472 1136 524 1175 da
541 1135 698 1175 idcirco
713 1135 791 1175 effe
808 1147 911 1175 nova
929 1144 1198 1177 monumenta
1216 1147 1343 1184 nuper
1359 1146 1404 1173 ex
1422 1144 1534 1182 parte
1553 1129 1799 1186 familiaeCej

471 1201 522 1228 va
539 1189 710 1230 adducta
723 1189 849 1227 solam
863 1187 1124 1227 materialem
1143 1188 1442 1226 habitationem
1458 1212 1471 1231 ‚
1503 1198 1580 1224 non
1597 1196 1696 1225 vero
1715 1194 1802 1221 ani-

469 1252 582 1280 mum
604 1249 803 1291 perpetuo
819 1239 1028 1282 habitandi
1044 1240 1353 1287 comprobantia
1372 1268 1382 1282 .
1414 1239 1587 1289 Reliqua
1618 1236 1797 1275 videnda

470 1294 563 1334 sunt
593 1306 639 1332 ex
656 1297 766 1332 citato
785 1293 880 1341 folio
898 1295 977 1331 diei
999 1305 1058 1334 13.
1081 1292 1356 1342 Juliiproxime
1377 1292 1483 1341 elapst
1498 1318 1511 1330 .

418 1348 593 1390 Certum
612 1346 757 1391 injure
773 1346 826 1384 est
841 1370 854 1390 ‚
871 1344 921 1385 ad
937 1345 1202 1388 Civilitatem
1223 1345 1489 1395 aquirendam
1517 1355 1594 1382 non
1625 1343 1685 1380 sat
1720 1337 1800 1379 esse

477 1409 779 1449 quamcumque
809 1397 1069 1436 materialem
1100 1398 1400 1441 habitationem
1441 1397 1569 1440 etiam
1599 1396 1800 1434 decenn&

474 1451 559 1489 lem
577 1474 590 1494 ‚
605 1449 869 1493 vicennalcm
885 1475 898 1495 ‚
918 1449 957 1489 ὅ(
989 1449 1255 1500 trigenariam
1273 1476 1285 1495 ‚
1319 1449 1388 1489 nili
1406 1450 1623 1496 conjussosta
1637 1449 1683 1486 sit
1703 1455 1800 1484 cum

473 1502 613 1542 animo
629 1501 683 1544 ibi
700 1509 900 1552 perpetuo
916 1501 1125 1547 habitandi
1156 1503 1252 1544 Rota
1267 1506 1307 1545 in
1318 1503 1566 1552 Pampiloncn.
1596 1500 1801 1547 Admiffioe

473 1559 529 1595 nis
548 1569 608 1603 14,
642 1554 821 1607 Januarii
841 1568 884 1602 17
894 1566 956 1598 52.
973 1563 1010 1598 ὃ.
1029 1568 1064 1602 7.
1082 1567 1152 1600 cor,
1174 1554 1372 1598 Catulliac.
1391 1579 1404 1600 ‚
1422 1558 1464 1599 &¹
1478 1559 1515 1596 in
1534 1556 1699 1597 Brixien.
1718 1550 1802 1589 Ca-

476 1611 664 1652 nonicasus
688 1622 701 1645 1
715 1622 746 1646 i.
765 1607 867 1650 Maii
886 1619 998 1653 1753.
1015 1615 1122 1651 9212,
1139 1622 1270 1651 ¹coram
1300 1606 1486 1662 Matthejo
1503 1637 1513 1647 .
1560 1607 1696 1645 Semel
1729 1615 1802 1642 au*

475 1668 563 1700 tem
581 1660 755 1710 aquifito
784 1660 823 1699 in
854 1660 995 1711 aliquo
1023 1661 1117 1702 ioco
1131 1660 1348 1705 domicilio
1365 1684 1377 1704 ‚
1407 1673 1485 1699 non
1512 1659 1636 1699 aliter
1661 1658 1802 1696 idem-⁴

469 1711 685 1751 amittitur
699 1737 713 1758 ,
744 1711 817 1751 nisi
833 1713 942 1752 clare
957 1738 970 1759 ‚
988 1722 1213 1765 aperteque
1231 1713 1508 1759 constet‚illud
1524 1711 1801 1751 derelictum-0

470 1762 590 1804 fuisse
609 1789 623 1810 ‚
653 1775 890 1814 novumque
933 1766 1015 1807 alio
1045 1766 1083 1809 in
1116 1767 1208 1805 loco
1231 1766 1447 1816 aquisitum
1476 1766 1503 1804 l.
1537 1779 1603 1802 non
1621 1766 1748 1811 utique
1780 1783 1797 1805 ,
1858 1775 1861 1777 ·

478 1817 549 1867 kg.
564 1815 790 1859 domicilium
808 1817 859 1860 ad
872 1821 1043 1868 municip,
1057 1832 1072 1858 ‚·
1091 1817 1144 1858 Et
1157 1818 1255 1859 Rota
1269 1823 1307 1861 in
1322 1821 1484 1860 Romana
1498 1818 1737 1859 Matrimonii
1761 1827 1797 1851 2.

475 1872 678 1918 decano.
695 1877 734 1913 ς.
754 1872 865 1910 Nam
881 1884 998 1908 coram
1013 1873 1217 1909 Gamachex
1237 1901 1246 1912 ,
1275 1870 1396 1910 Nihil
1412 1879 1550 1911 tamen
1566 1874 1766 1918 repugnat
1783 1889 1800 1910 2

474 1922 694 1974 quominus
711 1922 752 1964 in
768 1921 934 1962 diversis
950 1923 1053 1961 locis
1068 1949 1082 1969 ,
1095 1935 1141 1963 ac
1156 1923 1408 1965 Civitatibus
1424 1923 1514 1972 qui‘s
1532 1919 1799 1959 domicilium

475 1975 636 2024 aquirat
651 1999 664 2019 ‚
680 1985 726 2012 ac
743 1974 891 2020 eodem
904 1984 1091 2025 tempore
1112 1975 1295 2020 retineat
1312 1975 1396 2016 Rot.
1427 1976 1504 2016 dec.
1518 1987 1568 2022 43
1580 1986 1611 2014 1.
1627 1985 1726 2015 num,
1755 1977 1796 2014 6.

471 2036 595 2076 parm
607 2032 642 2067 8.
660 2040 732 2066 rec.
1282 2062 1283 2065 ,

419 2078 608 2136 <his-stio-
629 2079 768 2129 itaque
785 2091 831 2119 ex
845 2078 954 2119 facto
970 2080 1123 2129 pendet
1147 2107 1159 2127 ‚
1176 2093 1225 2121 an
1242 2093 1388 2130 nempe
1403 2078 1562 2119 familia
1595 2079 1706 2119 Ceva
1724 2078 1802 2118 do-

475 2131 683 2188 mlcilium
701 2131 938 2182 aquisiverit
967 2134 1007 2173 in
1024 2133 1162 2173 Castro
1187 2133 1320 2174 Collis
1337 2133 1542 2172 Valenti-„e
1580 2133 1797 2184 illudque.-

473 2181 598 2222 modo
613 2191 742 2225 etiam
764 2183 945 2241 retineat
960 2213 970 2224 .
1002 2185 1115 2234 Qiid
1130 2198 1226 2236 ergo
1242 2187 1421 2234 inspecta
1452 2184 1704 2225 fundationis
1722 2186 1798 2224 lit-

473 2244 563 2275 tera
581 2261 596 2281 ‚
620 2247 666 2274 ac
680 2236 986 2284 probationibus
1018 2250 1147 2287 nuper
1171 2238 1356 2278 addustis
1387 2238 1603 2279 dicendum
1632 2239 1673 2278 in
1703 2237 1799 2279 casu

471 2289 521 2327 sit
540 2312 553 2332 ,
583 2287 662 2326 EE.
679 2288 825 2328 Patre-s
842 2288 1010 2331 edicent
1024 2316 1038 2335 ,
1071 2301 1196 2343 quum
1215 2291 1368 2334 iterum
1383 2300 1586 2341 quaeratur
1606 2320 1616 2330 .

425 2340 459 2384 I.
487 2341 557 2379 An
560 2340 612 2388 fit
617 2340 790 2389 standum
807 2365 820 2385 ‚
850 2342 914 2380 vel
925 2346 1166 2383 recedendum
1183 2357 1204 2380 a
1220 2344 1343 2392 dec1fi5
1360 2347 1398 2381 in
1414 2344 1497 2391 casu
1511 2347 1586 2387 &a

424 2392 479 2432 II.
509 2395 580 2433 An
599 2393 763 2432 Clericus
783 2393 919 2442 Jofi’ph
936 2397 1034 2433 Ceva
1042 2399 1093 2447 sit
1107 2398 1353 2442 admittendus
1371 2398 1423 2434 ad
1437 2395 1552 2436 locum
1577 2398 1620 2434 in
1634 2396 1791 2446 collegio

524 2446 681 2487 Nicetae
694 2447 788 2496 Laffi
799 2448 840 2483 in
853 2446 938 2495 casu
954 2450 1028 2492 &c‚
1652 2484 1656 2486 ,

421 2496 597 2598 HLAns
615 2498 744 2595 agalia
765 2501 811 2543 de
825 2503 1012 2544 attentatis
1029 2526 1042 2547 ,
1075 2504 1119 2547 &⁶
1140 2503 1308 2551 quomodo
1315 2502 1390 2550 ſjnt
1419 2500 1486 2540 illa
1497 2505 1689 2554 purganda
1716 2506 1790 2544 in..-

528 2563 570 2588 ca
589 2564 613 2589 u
670 2565 701 2590 c.

526 2651 622 2697 Non
636 2657 838 2705 proposita
869 2668 962 2697 curn
979 2657 1236 2712 sequentibus
1254 2686 1264 2701 .
1670 2708 1791 2751 TAU
