<?xml version="1.0" encoding="UTF-8"?>
<!DOCTYPE html PUBLIC "-//W3C//DTD XHTML 1.0 Transitional//EN"
    "http://www.w3.org/TR/xhtml1/DTD/xhtml1-transitional.dtd">
<html xmlns="http://www.w3.org/1999/xhtml" xml:lang="en" lang="en">
 <head>
  <title>
</title>
<meta http-equiv="Content-Type" content="text/html;charset=utf-8" />
  <meta name='ocr-system' content='tesseract 3.04.00' />
  <meta name='ocr-capabilities' content='ocr_page ocr_carea ocr_par ocr_line ocrx_word'/>
</head>
<body>
  <div class='ocr_page' id='page_1' title='image "./thesaurusresolut40cath_0412.png"; bbox 0 0 1924 2970; ppageno 0'>
   <div class='ocr_carea' id='block_1_1' title="bbox 446 102 1838 2683">
    <p class='ocr_par' dir='ltr' id='par_1_1' title="bbox 494 102 1364 159">
     <span class='ocr_line' id='line_1_1' title="bbox 494 102 1364 159; baseline 0.005 -19"><span class='ocrx_word' id='word_1_1' title='bbox 494 111 579 147; x_wconf 54' lang='lat'>126</span> <span class='ocrx_word' id='word_1_2' title='bbox 941 155 944 157; x_wconf 66' lang='lat'>‚</span> <span class='ocrx_word' id='word_1_3' title='bbox 1035 116 1098 148; x_wconf 86' lang='lat'>30.</span> <span class='ocrx_word' id='word_1_4' title='bbox 1117 103 1221 159; x_wconf 73' lang='lat' dir='ltr'>Majt‘</span> <span class='ocrx_word' id='word_1_5' title='bbox 1241 102 1364 153; x_wconf 60' lang='lat'>1&#39;‘·}⁴72.⁴⁴</span> 
     </span>
    </p>

    <p class='ocr_par' dir='ltr' id='par_1_2' title="bbox 446 153 1838 789">
     <span class='ocr_line' id='line_1_2' title="bbox 446 153 1838 214; baseline -0.001 -15"><span class='ocrx_word' id='word_1_6' title='bbox 446 158 639 203; x_wconf 82' lang='lat' dir='ltr'>Beneficii</span> <span class='ocrx_word' id='word_1_7' title='bbox 661 157 820 198; x_wconf 84' lang='lat' dir='ltr'>reditus</span> <span class='ocrx_word' id='word_1_8' title='bbox 835 153 1005 196; x_wconf 83' lang='lat' dir='ltr'>decursu</span> <span class='ocrx_word' id='word_1_9' title='bbox 1024 159 1227 204; x_wconf 83' lang='lat' dir='ltr'>temporis</span> <span class='ocrx_word' id='word_1_10' title='bbox 1266 156 1478 196; x_wconf 88' lang='lat' dir='ltr'>imminuti</span> <span class='ocrx_word' id='word_1_11' title='bbox 1507 158 1627 202; x_wconf 87' lang='lat' dir='ltr'>sunt,</span> <span class='ocrx_word' id='word_1_12' title='bbox 1659 160 1716 201; x_wconf 89' lang='lat' dir='ltr'>ita</span> <span class='ocrx_word' id='word_1_13' title='bbox 1749 165 1838 214; x_wconf 77' lang='lat' dir='ltr'>qui·</span> 
     </span>
     <span class='ocr_line' id='line_1_3' title="bbox 495 209 1836 259; baseline -0.004 -9"><span class='ocrx_word' id='word_1_14' title='bbox 495 213 592 251; x_wconf 85' lang='lat' dir='ltr'>dem</span> <span class='ocrx_word' id='word_1_15' title='bbox 616 222 657 250; x_wconf 85' lang='lat' dir='ltr'>ut</span> <span class='ocrx_word' id='word_1_16' title='bbox 679 214 794 250; x_wconf 88' lang='lat' dir='ltr'>scuta</span> <span class='ocrx_word' id='word_1_17' title='bbox 812 223 875 254; x_wconf 84' lang='lat'>33-</span> <span class='ocrx_word' id='word_1_18' title='bbox 899 221 960 253; x_wconf 86' lang='lat'>25.</span> <span class='ocrx_word' id='word_1_19' title='bbox 982 221 1028 247; x_wconf 86' lang='lat' dir='ltr'>ex</span> <span class='ocrx_word' id='word_1_20' title='bbox 1045 209 1228 259; x_wconf 85' lang='lat' dir='ltr'>Capitali</span> <span class='ocrx_word' id='word_1_21' title='bbox 1258 210 1478 257; x_wconf 86' lang='lat' dir='ltr'>duplarum</span> <span class='ocrx_word' id='word_1_22' title='bbox 1499 222 1589 253; x_wconf 85' lang='lat'>250.</span> <span class='ocrx_word' id='word_1_23' title='bbox 1609 236 1622 255; x_wconf 80' lang='lat'>‚</span> <span class='ocrx_word' id='word_1_24' title='bbox 1649 213 1688 253; x_wconf 73' lang='grc' dir='ltr'>δε</span> <span class='ocrx_word' id='word_1_25' title='bbox 1718 227 1763 253; x_wconf 87' lang='lat' dir='ltr'>ex</span> <span class='ocrx_word' id='word_1_26' title='bbox 1780 218 1836 256; x_wconf 81' lang='lat' dir='ltr'>al.</span> 
     </span>
     <span class='ocr_line' id='line_1_4' title="bbox 493 262 1833 316; baseline 0.002 -14"><span class='ocrx_word' id='word_1_27' title='bbox 493 275 591 304; x_wconf 68' lang='lat' dir='ltr'>tero</span> <span class='ocrx_word' id='word_1_28' title='bbox 608 264 793 313; x_wconf 76' lang='lat' dir='ltr'>Capitali</span> <span class='ocrx_word' id='word_1_29' title='bbox 808 262 1026 309; x_wconf 84' lang='lat' dir='ltr'>duplarum</span> <span class='ocrx_word' id='word_1_30' title='bbox 1048 274 1129 306; x_wconf 79' lang='lat'>50.‚</span> <span class='ocrx_word' id='word_1_31' title='bbox 1147 264 1262 302; x_wconf 89' lang='lat' dir='ltr'>scuta</span> <span class='ocrx_word' id='word_1_32' title='bbox 1277 271 1442 302; x_wconf 86' lang='lat' dir='ltr'>tantum</span> <span class='ocrx_word' id='word_1_33' title='bbox 1460 268 1499 302; x_wconf 88' lang='lat'>6.</span> <span class='ocrx_word' id='word_1_34' title='bbox 1519 276 1581 309; x_wconf 86' lang='lat'>75·</span> <span class='ocrx_word' id='word_1_35' title='bbox 1598 265 1722 304; x_wconf 81' lang='lat' dir='ltr'>modo</span> <span class='ocrx_word' id='word_1_36' title='bbox 1739 279 1833 316; x_wconf 86' lang='lat' dir='ltr'>per-</span> 
     </span>
     <span class='ocr_line' id='line_1_5' title="bbox 492 314 1832 366; baseline 0 -10"><span class='ocrx_word' id='word_1_37' title='bbox 492 317 703 366; x_wconf 70' lang='lat' dir='ltr'>cipiantur</span> <span class='ocrx_word' id='word_1_38' title='bbox 721 341 738 356; x_wconf 38' lang='lat'>.‡</span> <span class='ocrx_word' id='word_1_39' title='bbox 754 314 997 360; x_wconf 87' lang='lat' dir='ltr'>Hujusmodi</span> <span class='ocrx_word' id='word_1_40' title='bbox 1017 315 1176 353; x_wconf 86' lang='lat' dir='ltr'>reditus</span> <span class='ocrx_word' id='word_1_41' title='bbox 1207 316 1257 354; x_wconf 85' lang='lat' dir='ltr'>ad</span> <span class='ocrx_word' id='word_1_42' title='bbox 1272 316 1410 354; x_wconf 87' lang='lat' dir='ltr'>omnia</span> <span class='ocrx_word' id='word_1_43' title='bbox 1438 328 1564 356; x_wconf 88' lang='lat' dir='ltr'>onera</span> <span class='ocrx_word' id='word_1_44' title='bbox 1594 318 1832 362; x_wconf 73' lang='lat' dir='ltr'>subeunda...</span> 
     </span>
     <span class='ocr_line' id='line_1_6' title="bbox 494 367 1825 420; baseline 0.002 -10"><span class='ocrx_word' id='word_1_45' title='bbox 494 372 673 420; x_wconf 71' lang='lat' dir='ltr'>impares</span> <span class='ocrx_word' id='word_1_46' title='bbox 701 367 937 414; x_wconf 85' lang='lat' dir='ltr'>&#39;comperiit</span> <span class='ocrx_word' id='word_1_47' title='bbox 981 367 1179 407; x_wconf 77' lang='lat' dir='ltr'>Sacerdos</span> <span class='ocrx_word' id='word_1_48' title='bbox 1220 368 1381 407; x_wconf 90' lang='lat' dir='ltr'>Guidus</span> <span class='ocrx_word' id='word_1_49' title='bbox 1426 368 1557 408; x_wconf 89' lang='lat' dir='ltr'>Gaito</span> <span class='ocrx_word' id='word_1_50' title='bbox 1601 371 1825 412; x_wconf 83' lang='lat' dir='ltr'>hodiernus</span> 
     </span>
     <span class='ocr_line' id='line_1_7' title="bbox 500 418 1836 473; baseline 0.001 -11"><span class='ocrx_word' id='word_1_51' title='bbox 500 424 684 470; x_wconf 79' lang='lat' dir='ltr'>ejusdem</span> <span class='ocrx_word' id='word_1_52' title='bbox 704 419 893 460; x_wconf 85' lang='lat' dir='ltr'>beneficii</span> <span class='ocrx_word' id='word_1_53' title='bbox 912 418 1099 468; x_wconf 74' lang='lat' dir='ltr'>possessor</span> <span class='ocrx_word' id='word_1_54' title='bbox 1115 444 1129 463; x_wconf 85' lang='lat'>‚</span> <span class='ocrx_word' id='word_1_55' title='bbox 1160 429 1285 471; x_wconf 85' lang='lat' dir='ltr'>atque</span> <span class='ocrx_word' id='word_1_56' title='bbox 1303 421 1459 461; x_wconf 77' lang='lat' dir='ltr'>idcirco</span> <span class='ocrx_word' id='word_1_57' title='bbox 1477 423 1649 473; x_wconf 86' lang='lat' dir='ltr'>reliquis</span> <span class='ocrx_word' id='word_1_58' title='bbox 1668 423 1836 472; x_wconf 79' lang='lat' dir='ltr'>praeser·</span> 
     </span>
     <span class='ocr_line' id='line_1_8' title="bbox 503 472 1827 525; baseline 0.001 -9"><span class='ocrx_word' id='word_1_59' title='bbox 503 478 612 518; x_wconf 88' lang='lat' dir='ltr'>vatis</span> <span class='ocrx_word' id='word_1_60' title='bbox 629 474 820 515; x_wconf 83' lang='lat' dir='ltr'>oneribus</span> <span class='ocrx_word' id='word_1_61' title='bbox 838 497 851 516; x_wconf 91' lang='lat'>,</span> <span class='ocrx_word' id='word_1_62' title='bbox 881 472 1166 525; x_wconf 64' lang='lat' dir='ltr'>redut‘tionem</span> <span class='ocrx_word' id='word_1_63' title='bbox 1183 475 1407 521; x_wconf 85' lang='lat' dir='ltr'>expostulat</span> <span class='ocrx_word' id='word_1_64' title='bbox 1426 476 1585 515; x_wconf 88' lang='lat' dir='ltr'>numeri</span> <span class='ocrx_word' id='word_1_65' title='bbox 1602 476 1827 517; x_wconf 78' lang='lat' dir='ltr'>Missarum.</span> 
     </span>
     <span class='ocr_line' id='line_1_9' title="bbox 502 526 1834 580; baseline -0.002 -9"><span class='ocrx_word' id='word_1_66' title='bbox 502 530 658 571; x_wconf 81' lang='lat' dir='ltr'>Afferit</span> <span class='ocrx_word' id='word_1_67' title='bbox 674 526 919 572; x_wconf 77' lang='lat' dir='ltr'>enim,juxta</span> <span class='ocrx_word' id='word_1_68' title='bbox 934 526 1274 566; x_wconf 85' lang='lat' dir='ltr'>consuetudinem</span> <span class='ocrx_word' id='word_1_69' title='bbox 1291 527 1345 565; x_wconf 44' lang='lat' dir='ltr'>,in</span> <span class='ocrx_word' id='word_1_70' title='bbox 1362 527 1547 569; x_wconf 88' lang='lat' dir='ltr'>Civitate</span> <span class='ocrx_word' id='word_1_71' title='bbox 1573 528 1751 580; x_wconf 87' lang='lat' dir='ltr'>Aquenfi</span> <span class='ocrx_word' id='word_1_72' title='bbox 1769 529 1834 569; x_wconf 87' lang='lat' dir='ltr'>vi-</span> 
     </span>
     <span class='ocr_line' id='line_1_10' title="bbox 502 578 1824 634; baseline -0.002 -12"><span class='ocrx_word' id='word_1_73' title='bbox 502 592 672 634; x_wconf 84' lang='lat' dir='ltr'><strong>gentem</strong></span> <span class='ocrx_word' id='word_1_74' title='bbox 690 605 703 624; x_wconf 86' lang='lat'>,</span> <span class='ocrx_word' id='word_1_75' title='bbox 731 578 840 628; x_wconf 83' lang='lat' dir='ltr'>adigi</span> <span class='ocrx_word' id='word_1_76' title='bbox 868 589 949 616; x_wconf 91' lang='lat' dir='ltr'>non</span> <span class='ocrx_word' id='word_1_77' title='bbox 978 578 1082 626; x_wconf 71' lang='lat' dir='ltr'>porse</span> <span class='ocrx_word' id='word_1_78' title='bbox 1102 587 1264 619; x_wconf 89' lang='lat' dir='ltr'>exteros</span> <span class='ocrx_word' id='word_1_79' title='bbox 1294 579 1537 621; x_wconf 87' lang='lat' dir='ltr'>Sacerdotes</span> <span class='ocrx_word' id='word_1_80' title='bbox 1557 581 1594 620; x_wconf 92' lang='lat' dir='ltr'>in</span> <span class='ocrx_word' id='word_1_81' title='bbox 1616 582 1824 622; x_wconf 57' lang='lat' dir='ltr'>Ecclefia„</span> 
     </span>
     <span class='ocr_line' id='line_1_11' title="bbox 498 631 1834 686; baseline 0.001 -14"><span class='ocrx_word' id='word_1_82' title='bbox 498 637 545 677; x_wconf 76' lang='lat' dir='ltr'>B.</span> <span class='ocrx_word' id='word_1_83' title='bbox 568 632 751 683; x_wconf 81' lang='lat' dir='ltr'>Virginis</span> <span class='ocrx_word' id='word_1_84' title='bbox 768 631 974 670; x_wconf 86' lang='lat' dir='ltr'>Dolorum</span> <span class='ocrx_word' id='word_1_85' title='bbox 991 632 1248 671; x_wconf 82' lang='lat' dir='ltr'>celebrantes</span> <span class='ocrx_word' id='word_1_86' title='bbox 1277 631 1326 670; x_wconf 88' lang='lat' dir='ltr'>ad</span> <span class='ocrx_word' id='word_1_87' title='bbox 1344 633 1473 672; x_wconf 88' lang='lat' dir='ltr'>ullam</span> <span class='ocrx_word' id='word_1_88' title='bbox 1507 634 1686 683; x_wconf 79' lang='lat' dir='ltr'>pecuniae</span> <span class='ocrx_word' id='word_1_89' title='bbox 1703 646 1834 686; x_wconf 87' lang='lat' dir='ltr'>quan-</span> 
     </span>
     <span class='ocr_line' id='line_1_12' title="bbox 501 683 1830 737; baseline 0 -10"><span class='ocrx_word' id='word_1_90' title='bbox 501 690 672 728; x_wconf 87' lang='lat' dir='ltr'>titatem</span> <span class='ocrx_word' id='word_1_91' title='bbox 689 698 760 736; x_wconf 88' lang='lat' dir='ltr'>pro</span> <span class='ocrx_word' id='word_1_92' title='bbox 777 684 1017 723; x_wconf 83' lang='lat' dir='ltr'>utensilibus</span> <span class='ocrx_word' id='word_1_93' title='bbox 1035 683 1345 733; x_wconf 80' lang='lat' dir='ltr'>persolvendam</span> <span class='ocrx_word' id='word_1_94' title='bbox 1365 711 1378 730; x_wconf 91' lang='lat'>‚</span> <span class='ocrx_word' id='word_1_95' title='bbox 1412 699 1486 726; x_wconf 91' lang='lat' dir='ltr'>nec</span> <span class='ocrx_word' id='word_1_96' title='bbox 1514 699 1672 737; x_wconf 69' lang='lat' dir='ltr'>aequum</span> <span class='ocrx_word' id='word_1_97' title='bbox 1701 686 1779 727; x_wconf 85' lang='lat' dir='ltr'>esse</span> <span class='ocrx_word' id='word_1_98' title='bbox 1813 713 1830 732; x_wconf 86' lang='lat'><strong>‚</strong></span> 
     </span>
     <span class='ocr_line' id='line_1_13' title="bbox 503 735 1832 789; baseline 0 -10"><span class='ocrx_word' id='word_1_99' title='bbox 503 748 550 780; x_wconf 84' lang='lat' dir='ltr'>ut</span> <span class='ocrx_word' id='word_1_100' title='bbox 565 739 664 778; x_wconf 89' lang='lat' dir='ltr'>desit</span> <span class='ocrx_word' id='word_1_101' title='bbox 695 739 733 777; x_wconf 89' lang='lat' dir='ltr'>in</span> <span class='ocrx_word' id='word_1_102' title='bbox 768 736 912 777; x_wconf 88' lang='lat' dir='ltr'>eadem</span> <span class='ocrx_word' id='word_1_103' title='bbox 942 736 1122 776; x_wconf 78' lang='lat' dir='ltr'>Ecclesia</span> <span class='ocrx_word' id='word_1_104' title='bbox 1137 735 1412 777; x_wconf 76' lang='lat' dir='ltr'>Confeslarius</span> <span class='ocrx_word' id='word_1_105' title='bbox 1437 739 1583 778; x_wconf 85' lang='lat' dir='ltr'>diebus</span> <span class='ocrx_word' id='word_1_106' title='bbox 1608 740 1724 786; x_wconf 85' lang='lat' dir='ltr'>illis,</span> <span class='ocrx_word' id='word_1_107' title='bbox 1757 739 1832 789; x_wconf 91' lang='lat' dir='ltr'>qui</span> 
     </span>
    </p>

    <p class='ocr_par' dir='ltr' id='par_1_3' title="bbox 485 789 1832 1106">
     <span class='ocr_line' id='line_1_14' title="bbox 485 789 1830 842; baseline -0.001 -9"><span class='ocrx_word' id='word_1_108' title='bbox 485 792 672 833; x_wconf 80' lang='lat' dir='ltr'>·1‘uerunt</span> <span class='ocrx_word' id='word_1_109' title='bbox 686 804 707 830; x_wconf 89' lang='lat' dir='ltr'>a</span> <span class='ocrx_word' id='word_1_110' title='bbox 726 790 958 829; x_wconf 83' lang='lat' dir='ltr'>Fundatore</span> <span class='ocrx_word' id='word_1_111' title='bbox 977 789 1204 839; x_wconf 67' lang='lat' dir='ltr'>designatis</span> <span class='ocrx_word' id='word_1_112' title='bbox 1234 789 1346 829; x_wconf 88' lang='lat' dir='ltr'>Hinc</span> <span class='ocrx_word' id='word_1_113' title='bbox 1365 802 1443 830; x_wconf 87' lang='lat' dir='ltr'>non</span> <span class='ocrx_word' id='word_1_114' title='bbox 1471 791 1601 830; x_wconf 90' lang='lat' dir='ltr'>alium</span> <span class='ocrx_word' id='word_1_115' title='bbox 1630 790 1830 842; x_wconf 75' lang='lat' dir='ltr'>superesse</span> 
     </span>
     <span class='ocr_line' id='line_1_15' title="bbox 502 840 1829 894; baseline -0.002 -8"><span class='ocrx_word' id='word_1_116' title='bbox 502 846 672 886; x_wconf 87' lang='lat' dir='ltr'>modum</span> <span class='ocrx_word' id='word_1_117' title='bbox 694 870 706 888; x_wconf 84' lang='lat'>,</span> <span class='ocrx_word' id='word_1_118' title='bbox 727 855 848 894; x_wconf 85' lang='lat' dir='ltr'>quam</span> <span class='ocrx_word' id='word_1_119' title='bbox 866 840 1079 881; x_wconf 80' lang='lat' dir='ltr'>Miffarum</span> <span class='ocrx_word' id='word_1_120' title='bbox 1099 854 1316 882; x_wconf 86' lang='lat' dir='ltr'>numerum</span> <span class='ocrx_word' id='word_1_121' title='bbox 1331 844 1575 888; x_wconf 88' lang='lat' dir='ltr'>minuendi,</span> <span class='ocrx_word' id='word_1_122' title='bbox 1610 854 1655 884; x_wconf 87' lang='lat' dir='ltr'>ut</span> <span class='ocrx_word' id='word_1_123' title='bbox 1688 846 1829 884; x_wconf 87' lang='lat' dir='ltr'>subve-</span> 
     </span>
     <span class='ocr_line' id='line_1_16' title="bbox 502 895 1832 946; baseline -0.002 -9"><span class='ocrx_word' id='word_1_124' title='bbox 502 900 640 941; x_wconf 86' lang='lat' dir='ltr'>niatur</span> <span class='ocrx_word' id='word_1_125' title='bbox 655 895 908 937; x_wconf 83' lang='lat' dir='ltr'>Beneficiato</span> <span class='ocrx_word' id='word_1_126' title='bbox 925 921 939 941; x_wconf 81' lang='lat'>‚</span> <span class='ocrx_word' id='word_1_127' title='bbox 955 907 1051 934; x_wconf 88' lang='lat' dir='ltr'>cum</span> <span class='ocrx_word' id='word_1_128' title='bbox 1069 907 1227 946; x_wconf 83' lang='lat' dir='ltr'>aequum</span> <span class='ocrx_word' id='word_1_129' title='bbox 1252 896 1302 940; x_wconf 83' lang='lat' dir='ltr'>fit</span> <span class='ocrx_word' id='word_1_130' title='bbox 1318 915 1332 940; x_wconf 88' lang='lat'>‚·</span> <span class='ocrx_word' id='word_1_131' title='bbox 1362 905 1407 936; x_wconf 91' lang='lat' dir='ltr'>ut</span> <span class='ocrx_word' id='word_1_132' title='bbox 1429 896 1662 936; x_wconf 85' lang='lat' dir='ltr'>imminutis</span> <span class='ocrx_word' id='word_1_133' title='bbox 1679 897 1832 936; x_wconf 88' lang='lat' dir='ltr'>rediti-</span> 
     </span>
     <span class='ocr_line' id='line_1_17' title="bbox 504 948 1828 999; baseline -0.004 -7"><span class='ocrx_word' id='word_1_134' title='bbox 504 953 578 992; x_wconf 85' lang='lat' dir='ltr'>bus</span> <span class='ocrx_word' id='word_1_135' title='bbox 595 961 721 990; x_wconf 88' lang='lat' dir='ltr'>onera</span> <span class='ocrx_word' id='word_1_136' title='bbox 738 961 900 999; x_wconf 86' lang='lat' dir='ltr'>quoque</span> <span class='ocrx_word' id='word_1_137' title='bbox 919 948 1217 987; x_wconf 81' lang='lat' dir='ltr'>imminuantur</span> <span class='ocrx_word' id='word_1_138' title='bbox 1233 950 1372 994; x_wconf 65' lang='lat' dir='ltr'>Perez„</span> <span class='ocrx_word' id='word_1_139' title='bbox 1392 951 1438 987; x_wconf 85' lang='lat' dir='ltr'>de</span> <span class='ocrx_word' id='word_1_140' title='bbox 1452 950 1681 998; x_wconf 82' lang='lat' dir='ltr'>Annivers.‚</span> <span class='ocrx_word' id='word_1_141' title='bbox 1701 953 1743 993; x_wconf 64' lang='lat'>&amp;⁴</span> <span class='ocrx_word' id='word_1_142' title='bbox 1759 952 1828 987; x_wconf 80' lang='lat' dir='ltr'>Ca-</span> 
     </span>
     <span class='ocr_line' id='line_1_18' title="bbox 501 1001 1825 1057; baseline -0.002 -15"><span class='ocrx_word' id='word_1_143' title='bbox 501 1005 636 1057; x_wconf 77' lang='lat' dir='ltr'>pellan.</span> <span class='ocrx_word' id='word_1_144' title='bbox 654 1004 718 1041; x_wconf 79' lang='lat' dir='ltr'>lib.</span> <span class='ocrx_word' id='word_1_145' title='bbox 749 1016 779 1040; x_wconf 89' lang='lat'>1.</span> <span class='ocrx_word' id='word_1_146' title='bbox 795 1010 940 1050; x_wconf 83' lang='lat' dir='ltr'>cap.15.</span> <span class='ocrx_word' id='word_1_147' title='bbox 958 1015 1056 1040; x_wconf 83' lang='lat' dir='ltr'>num.</span> <span class='ocrx_word' id='word_1_148' title='bbox 1073 1006 1110 1040; x_wconf 78' lang='lat'>8.</span> <span class='ocrx_word' id='word_1_149' title='bbox 1130 1025 1143 1045; x_wconf 85' lang='lat'>,</span> <span class='ocrx_word' id='word_1_150' title='bbox 1172 1004 1214 1046; x_wconf 64' lang='grc' dir='ltr'>ἐν</span> <span class='ocrx_word' id='word_1_151' title='bbox 1231 1001 1309 1051; x_wconf 82' lang='lat' dir='ltr'>seq.</span> <span class='ocrx_word' id='word_1_152' title='bbox 1328 1027 1341 1047; x_wconf 89' lang='lat'>‚</span> <span class='ocrx_word' id='word_1_153' title='bbox 1368 1001 1581 1052; x_wconf 79' lang='lat' dir='ltr'>Fasquah&#39;g.</span> <span class='ocrx_word' id='word_1_154' title='bbox 1611 1006 1656 1040; x_wconf 82' lang='lat' dir='ltr'>de</span> <span class='ocrx_word' id='word_1_155' title='bbox 1685 1002 1825 1050; x_wconf 69' lang='lat' dir='ltr'>Sacris]</span> 
     </span>
     <span class='ocr_line' id='line_1_19' title="bbox 508 1054 1307 1106; baseline -0.004 -10"><span class='ocrx_word' id='word_1_156' title='bbox 508 1057 613 1106; x_wconf 84' lang='lat' dir='ltr'>Miff.</span> <span class='ocrx_word' id='word_1_157' title='bbox 630 1066 757 1094; x_wconf 60' lang='lat' dir='ltr'>tamn.</span> <span class='ocrx_word' id='word_1_158' title='bbox 776 1054 1019 1105; x_wconf 81' lang='lat' dir='ltr'>quaest.1075.</span> <span class='ocrx_word' id='word_1_159' title='bbox 1037 1068 1194 1098; x_wconf 59' lang='lat' dir='ltr'>numa„</span> <span class='ocrx_word' id='word_1_160' title='bbox 1212 1056 1255 1097; x_wconf 67' lang='grc' dir='ltr'>ὼ·</span> <span class='ocrx_word' id='word_1_161' title='bbox 1271 1067 1307 1093; x_wconf 79' lang='lat'>2.</span> 
     </span>
    </p>

    <p class='ocr_par' dir='ltr' id='par_1_4' title="bbox 455 1105 1828 1681">
     <span class='ocr_line' id='line_1_20' title="bbox 455 1105 1828 1159; baseline -0.001 -11"><span class='ocrx_word' id='word_1_162' title='bbox 455 1111 612 1159; x_wconf 78' lang='lat' dir='ltr'>Habita</span> <span class='ocrx_word' id='word_1_163' title='bbox 632 1109 732 1147; x_wconf 76' lang='lat' dir='ltr'>vero</span> <span class='ocrx_word' id='word_1_164' title='bbox 752 1107 910 1145; x_wconf 86' lang='lat' dir='ltr'>ratione</span> <span class='ocrx_word' id='word_1_165' title='bbox 927 1106 1063 1145; x_wconf 89' lang='lat' dir='ltr'>oneris</span> <span class='ocrx_word' id='word_1_166' title='bbox 1082 1105 1300 1154; x_wconf 85' lang='lat' dir='ltr'>perpetui,</span> <span class='ocrx_word' id='word_1_167' title='bbox 1327 1107 1365 1146; x_wconf 84' lang='lat'>&amp;</span> <span class='ocrx_word' id='word_1_168' title='bbox 1394 1106 1658 1155; x_wconf 84' lang='lat' dir='ltr'>obligationis</span> <span class='ocrx_word' id='word_1_169' title='bbox 1677 1107 1828 1147; x_wconf 87' lang='lat' dir='ltr'>benefi-</span> 
     </span>
     <span class='ocr_line' id='line_1_21' title="bbox 502 1156 1826 1207; baseline -0.002 -5"><span class='ocrx_word' id='word_1_170' title='bbox 502 1159 620 1202; x_wconf 64' lang='lat' dir='ltr'>‘c&#39;iato</span> <span class='ocrx_word' id='word_1_171' title='bbox 639 1158 873 1200; x_wconf 70' lang='lat' dir='ltr'>inhaerentis</span> <span class='ocrx_word' id='word_1_172' title='bbox 906 1157 1141 1197; x_wconf 86' lang='lat' dir='ltr'>celebrandi</span> <span class='ocrx_word' id='word_1_173' title='bbox 1161 1156 1299 1196; x_wconf 75' lang='lat' dir='ltr'>Missas</span> <span class='ocrx_word' id='word_1_174' title='bbox 1317 1171 1387 1207; x_wconf 90' lang='lat' dir='ltr'>per</span> <span class='ocrx_word' id='word_1_175' title='bbox 1402 1159 1442 1197; x_wconf 90' lang='lat' dir='ltr'>se</span> <span class='ocrx_word' id='word_1_176' title='bbox 1473 1159 1600 1206; x_wconf 77' lang='lat' dir='ltr'>ipsum</span> <span class='ocrx_word' id='word_1_177' title='bbox 1634 1159 1672 1197; x_wconf 86' lang='lat' dir='ltr'>in</span> <span class='ocrx_word' id='word_1_178' title='bbox 1688 1160 1826 1199; x_wconf 71' lang='lat' dir='ltr'>deter⁵</span> 
     </span>
     <span class='ocr_line' id='line_1_22' title="bbox 504 1210 1826 1255; baseline -0.001 -2"><span class='ocrx_word' id='word_1_179' title='bbox 504 1215 660 1255; x_wconf 86' lang='lat' dir='ltr'>minata</span> <span class='ocrx_word' id='word_1_180' title='bbox 677 1225 698 1251; x_wconf 88' lang='lat' dir='ltr'>a</span> <span class='ocrx_word' id='word_1_181' title='bbox 717 1210 947 1250; x_wconf 84' lang='lat' dir='ltr'>Fundatore</span> <span class='ocrx_word' id='word_1_182' title='bbox 966 1210 1145 1249; x_wconf 80' lang='lat' dir='ltr'>Ecclesia</span> <span class='ocrx_word' id='word_1_183' title='bbox 1163 1235 1176 1254; x_wconf 83' lang='lat'><strong>‚</strong></span> <span class='ocrx_word' id='word_1_184' title='bbox 1210 1222 1288 1249; x_wconf 89' lang='lat' dir='ltr'>non</span> <span class='ocrx_word' id='word_1_185' title='bbox 1321 1211 1401 1250; x_wconf 86' lang='lat' dir='ltr'>alia</span> <span class='ocrx_word' id='word_1_186' title='bbox 1420 1211 1580 1251; x_wconf 88' lang='lat' dir='ltr'>ratione</span> <span class='ocrx_word' id='word_1_187' title='bbox 1614 1211 1826 1252; x_wconf 80' lang='lat' dir='ltr'>Missarum</span> 
     </span>
     <span class='ocr_line' id='line_1_23' title="bbox 505 1259 1823 1314; baseline -0.004 -7"><span class='ocrx_word' id='word_1_188' title='bbox 505 1278 721 1307; x_wconf 88' lang='lat' dir='ltr'>numerum</span> <span class='ocrx_word' id='word_1_189' title='bbox 740 1262 928 1313; x_wconf 72' lang='lat' dir='ltr'>praefiniri</span> <span class='ocrx_word' id='word_1_190' title='bbox 947 1259 1054 1311; x_wconf 79' lang='lat' dir='ltr'>posse</span> <span class='ocrx_word' id='word_1_191' title='bbox 1065 1263 1266 1302; x_wconf 82' lang='lat' dir='ltr'>existimat</span> <span class='ocrx_word' id='word_1_192' title='bbox 1284 1288 1297 1307; x_wconf 86' lang='lat'>‚</span> <span class='ocrx_word' id='word_1_193' title='bbox 1313 1264 1560 1312; x_wconf 81' lang='lat' dir='ltr'>quamjuxta</span> <span class='ocrx_word' id='word_1_194' title='bbox 1578 1273 1712 1303; x_wconf 83' lang='lat' dir='ltr'>taxam</span> <span class='ocrx_word' id='word_1_195' title='bbox 1731 1277 1823 1314; x_wconf 85' lang='lat' dir='ltr'>per-</span> 
     </span>
     <span class='ocr_line' id='line_1_24' title="bbox 502 1314 1819 1372; baseline -0.003 -12"><span class='ocrx_word' id='word_1_196' title='bbox 502 1330 699 1372; x_wconf 85' lang='lat' dir='ltr'>petuam,</span> <span class='ocrx_word' id='word_1_197' title='bbox 730 1326 773 1356; x_wconf 91' lang='lat' dir='ltr'>ut</span> <span class='ocrx_word' id='word_1_198' title='bbox 799 1315 1044 1362; x_wconf 80' lang='lat' dir='ltr'>praefinitum</span> <span class='ocrx_word' id='word_1_199' title='bbox 1073 1315 1177 1354; x_wconf 88' lang='lat' dir='ltr'>dicit</span> <span class='ocrx_word' id='word_1_200' title='bbox 1210 1326 1231 1353; x_wconf 91' lang='lat' dir='ltr'>a</span> <span class='ocrx_word' id='word_1_201' title='bbox 1264 1315 1349 1355; x_wconf 89' lang='lat' dir='ltr'>Sac.</span> <span class='ocrx_word' id='word_1_202' title='bbox 1381 1314 1716 1366; x_wconf 88' lang='lat' dir='ltr'>Congregatione</span> <span class='ocrx_word' id='word_1_203' title='bbox 1745 1318 1819 1356; x_wconf 64' lang='lat' dir='ltr'>in„-</span> 
     </span>
     <span class='ocr_line' id='line_1_25' title="bbox 508 1368 1820 1421; baseline -0.002 -10"><span class='ocrx_word' id='word_1_204' title='bbox 508 1372 730 1421; x_wconf 82' lang='lat' dir='ltr'>Praenestina</span> <span class='ocrx_word' id='word_1_205' title='bbox 752 1381 809 1413; x_wconf 83' lang='lat'>15.</span> <span class='ocrx_word' id='word_1_206' title='bbox 829 1369 1028 1407; x_wconf 74' lang='lat' dir='ltr'>Februarii</span> <span class='ocrx_word' id='word_1_207' title='bbox 1050 1382 1162 1414; x_wconf 81' lang='lat'><em>1709.</em></span> <span class='ocrx_word' id='word_1_208' title='bbox 1180 1372 1218 1410; x_wconf 72' lang='lat' dir='ltr'>in</span> <span class='ocrx_word' id='word_1_209' title='bbox 1237 1368 1398 1406; x_wconf 77' lang='lat' dir='ltr'>Romana</span> <span class='ocrx_word' id='word_1_210' title='bbox 1411 1374 1447 1407; x_wconf 85' lang='lat'>6.</span> <span class='ocrx_word' id='word_1_211' title='bbox 1464 1370 1664 1407; x_wconf 78' lang='lat' dir='ltr'>Februarii</span> <span class='ocrx_word' id='word_1_212' title='bbox 1684 1383 1820 1420; x_wconf 86' lang='lat'>1734.‚</span> 
     </span>
     <span class='ocr_line' id='line_1_26' title="bbox 504 1420 1823 1472; baseline -0.001 -9"><span class='ocrx_word' id='word_1_213' title='bbox 504 1429 548 1470; x_wconf 66' lang='grc' dir='ltr'>ὠ·</span> <span class='ocrx_word' id='word_1_214' title='bbox 564 1430 603 1463; x_wconf 77' lang='lat' dir='ltr'>in</span> <span class='ocrx_word' id='word_1_215' title='bbox 618 1423 803 1472; x_wconf 75' lang='lat' dir='ltr'>Nepesina</span> <span class='ocrx_word' id='word_1_216' title='bbox 823 1435 884 1470; x_wconf 83' lang='lat'>24.</span> <span class='ocrx_word' id='word_1_217' title='bbox 904 1421 993 1460; x_wconf 68' lang='lat' dir='ltr'>Iulii</span> <span class='ocrx_word' id='word_1_218' title='bbox 1007 1420 1168 1471; x_wconf 82' lang='lat' dir='ltr'>ejusdem</span> <span class='ocrx_word' id='word_1_219' title='bbox 1197 1424 1308 1460; x_wconf 78' lang='lat' dir='ltr'>anni.</span> <span class='ocrx_word' id='word_1_220' title='bbox 1335 1422 1533 1461; x_wconf 86' lang='lat' dir='ltr'>Advertit</span> <span class='ocrx_word' id='word_1_221' title='bbox 1559 1423 1725 1462; x_wconf 86' lang='lat' dir='ltr'>demum</span> <span class='ocrx_word' id='word_1_222' title='bbox 1746 1447 1759 1466; x_wconf 87' lang='lat'>‚</span> <span class='ocrx_word' id='word_1_223' title='bbox 1782 1424 1823 1462; x_wconf 80' lang='lat' dir='ltr'>in</span> 
     </span>
     <span class='ocr_line' id='line_1_27' title="bbox 501 1472 1822 1522; baseline -0.004 -4"><span class='ocrx_word' id='word_1_224' title='bbox 501 1478 635 1518; x_wconf 85' lang='lat' dir='ltr'>casum</span> <span class='ocrx_word' id='word_1_225' title='bbox 656 1489 734 1517; x_wconf 87' lang='lat' dir='ltr'>non</span> <span class='ocrx_word' id='word_1_226' title='bbox 752 1472 941 1513; x_wconf 73' lang='lat' dir='ltr'>concess-e</span> <span class='ocrx_word' id='word_1_227' title='bbox 959 1474 1208 1514; x_wconf 65' lang='lat' dir='ltr'>raduffionis</span> <span class='ocrx_word' id='word_1_228' title='bbox 1225 1473 1353 1522; x_wconf 82' lang='lat' dir='ltr'>ipsum</span> <span class='ocrx_word' id='word_1_229' title='bbox 1368 1473 1625 1514; x_wconf 75' lang='lat' dir='ltr'>dimissurum</span> <span class='ocrx_word' id='word_1_230' title='bbox 1649 1475 1726 1514; x_wconf 78' lang='lat' dir='ltr'>esse</span> <span class='ocrx_word' id='word_1_231' title='bbox 1742 1475 1822 1513; x_wconf 90' lang='lat' dir='ltr'>Be-</span> 
     </span>
     <span class='ocr_line' id='line_1_28' title="bbox 501 1527 1827 1578; baseline -0.004 -7"><span class='ocrx_word' id='word_1_232' title='bbox 501 1530 712 1572; x_wconf 85' lang='lat' dir='ltr'>neficium,</span> <span class='ocrx_word' id='word_1_233' title='bbox 731 1527 912 1578; x_wconf 87' lang='lat' dir='ltr'>istudque</span> <span class='ocrx_word' id='word_1_234' title='bbox 934 1528 986 1566; x_wconf 90' lang='lat' dir='ltr'>ob</span> <span class='ocrx_word' id='word_1_235' title='bbox 1011 1527 1220 1566; x_wconf 87' lang='lat' dir='ltr'>redituum</span> <span class='ocrx_word' id='word_1_236' title='bbox 1236 1527 1490 1566; x_wconf 83' lang='lat' dir='ltr'>tenuitatem</span> <span class='ocrx_word' id='word_1_237' title='bbox 1520 1527 1723 1566; x_wconf 82' lang='lat' dir='ltr'>diuturnae</span> <span class='ocrx_word' id='word_1_238' title='bbox 1755 1540 1827 1566; x_wconf 87' lang='lat' dir='ltr'>va-</span> 
     </span>
     <span class='ocr_line' id='line_1_29' title="bbox 500 1577 1822 1625; baseline -0.002 -2"><span class='ocrx_word' id='word_1_239' title='bbox 500 1579 858 1623; x_wconf 79' lang='lat' dir='ltr'>cationifuturum</span> <span class='ocrx_word' id='word_1_240' title='bbox 877 1577 955 1620; x_wconf 80' lang='lat' dir='ltr'>esse</span> <span class='ocrx_word' id='word_1_241' title='bbox 987 1579 1235 1625; x_wconf 85' lang='lat' dir='ltr'>obnoxium,</span> <span class='ocrx_word' id='word_1_242' title='bbox 1264 1592 1359 1620; x_wconf 88' lang='lat' dir='ltr'>cum</span> <span class='ocrx_word' id='word_1_243' title='bbox 1388 1580 1566 1621; x_wconf 83' lang='lat' dir='ltr'>maxima</span> <span class='ocrx_word' id='word_1_244' title='bbox 1592 1581 1822 1620; x_wconf 84' lang='lat' dir='ltr'>voluntatis</span> 
     </span>
     <span class='ocr_line' id='line_1_30' title="bbox 503 1634 944 1681; baseline -0.007 -4"><span class='ocrx_word' id='word_1_245' title='bbox 503 1634 750 1677; x_wconf 81' lang='lat' dir='ltr'>Fundatoris</span> <span class='ocrx_word' id='word_1_246' title='bbox 764 1636 944 1681; x_wconf 57' lang='lat' dir='ltr'>jasium.</span> 
     </span>
    </p>

    <p class='ocr_par' dir='ltr' id='par_1_5' title="bbox 447 1686 1821 2525">
     <span class='ocr_line' id='line_1_31' title="bbox 447 1686 1821 1733; baseline -0.001 -3"><span class='ocrx_word' id='word_1_247' title='bbox 447 1689 652 1733; x_wconf 80' lang='lat' dir='ltr'>Petitioni</span> <span class='ocrx_word' id='word_1_248' title='bbox 674 1686 908 1728; x_wconf 83' lang='lat' dir='ltr'>Sacerdotis</span> <span class='ocrx_word' id='word_1_249' title='bbox 928 1686 1055 1727; x_wconf 86' lang='lat' dir='ltr'>Gaito</span> <span class='ocrx_word' id='word_1_250' title='bbox 1070 1687 1280 1728; x_wconf 80' lang='lat' dir='ltr'>adhaerent</span> <span class='ocrx_word' id='word_1_251' title='bbox 1311 1695 1403 1728; x_wconf 85' lang='lat' dir='ltr'>turn</span> <span class='ocrx_word' id='word_1_252' title='bbox 1432 1699 1574 1728; x_wconf 88' lang='lat' dir='ltr'>omnes</span> <span class='ocrx_word' id='word_1_253' title='bbox 1603 1686 1821 1728; x_wconf 55' lang='lat' dir='ltr'>interessffl</span> 
     </span>
     <span class='ocr_line' id='line_1_32' title="bbox 502 1739 1818 1791; baseline -0.003 -9"><span class='ocrx_word' id='word_1_254' title='bbox 502 1743 700 1782; x_wconf 87' lang='lat' dir='ltr'>habentes</span> <span class='ocrx_word' id='word_1_255' title='bbox 718 1766 731 1785; x_wconf 90' lang='lat'><strong>‚</strong></span> <span class='ocrx_word' id='word_1_256' title='bbox 763 1749 854 1780; x_wconf 89' lang='lat' dir='ltr'>tum</span> <span class='ocrx_word' id='word_1_257' title='bbox 872 1740 1001 1779; x_wconf 73' lang='lat' dir='ltr'>etiam</span> <span class='ocrx_word' id='word_1_258' title='bbox 1021 1741 1243 1789; x_wconf 70' lang='lat' dir='ltr'>Episcopus</span> <span class='ocrx_word' id='word_1_259' title='bbox 1262 1765 1276 1785; x_wconf 82' lang='lat'>‚</span> <span class='ocrx_word' id='word_1_260' title='bbox 1293 1741 1362 1791; x_wconf 89' lang='lat' dir='ltr'>qui</span> <span class='ocrx_word' id='word_1_261' title='bbox 1379 1739 1592 1780; x_wconf 85' lang='lat' dir='ltr'>Miffarum</span> <span class='ocrx_word' id='word_1_262' title='bbox 1607 1740 1818 1779; x_wconf 74' lang='grc' dir='ltr'><strong>1·εάυᾶἰο-</strong></span> 
     </span>
     <span class='ocr_line' id='line_1_33' title="bbox 502 1792 1819 1843; baseline -0.002 -9"><span class='ocrx_word' id='word_1_263' title='bbox 502 1796 543 1834; x_wconf 89' lang='lat' dir='ltr'>ni</span> <span class='ocrx_word' id='word_1_264' title='bbox 563 1795 700 1833; x_wconf 89' lang='lat' dir='ltr'>locum</span> <span class='ocrx_word' id='word_1_265' title='bbox 730 1792 809 1833; x_wconf 85' lang='lat' dir='ltr'>esse</span> <span class='ocrx_word' id='word_1_266' title='bbox 841 1793 980 1832; x_wconf 86' lang='lat' dir='ltr'>censet</span> <span class='ocrx_word' id='word_1_267' title='bbox 1011 1819 1024 1838; x_wconf 89' lang='lat'><strong>‚</strong></span> <span class='ocrx_word' id='word_1_268' title='bbox 1053 1794 1223 1841; x_wconf 85' lang='lat' dir='ltr'>dempta</span> <span class='ocrx_word' id='word_1_269' title='bbox 1251 1803 1389 1833; x_wconf 86' lang='lat' dir='ltr'>tamen</span> <span class='ocrx_word' id='word_1_270' title='bbox 1416 1794 1671 1843; x_wconf 81' lang='lat' dir='ltr'>obligatione</span> <span class='ocrx_word' id='word_1_271' title='bbox 1701 1793 1819 1832; x_wconf 85' lang='lat' dir='ltr'>cele-</span> 
     </span>
     <span class='ocr_line' id='line_1_34' title="bbox 504 1845 1816 1896; baseline -0.004 -9"><span class='ocrx_word' id='word_1_272' title='bbox 504 1846 646 1887; x_wconf 83' lang='lat' dir='ltr'>brandi</span> <span class='ocrx_word' id='word_1_273' title='bbox 664 1858 736 1896; x_wconf 82' lang='lat' dir='ltr'>per</span> <span class='ocrx_word' id='word_1_274' title='bbox 753 1847 791 1885; x_wconf 89' lang='lat' dir='ltr'>se</span> <span class='ocrx_word' id='word_1_275' title='bbox 809 1845 938 1895; x_wconf 90' lang='lat' dir='ltr'>ipsum</span> <span class='ocrx_word' id='word_1_276' title='bbox 955 1872 967 1891; x_wconf 95' lang='lat'>‚</span> <span class='ocrx_word' id='word_1_277' title='bbox 999 1858 1045 1884; x_wconf 85' lang='lat' dir='ltr'>ac</span> <span class='ocrx_word' id='word_1_278' title='bbox 1071 1846 1197 1886; x_wconf 90' lang='lat' dir='ltr'>firmis</span> <span class='ocrx_word' id='word_1_279' title='bbox 1215 1847 1520 1887; x_wconf 87' lang='lat' dir='ltr'>remanentibus</span> <span class='ocrx_word' id='word_1_280' title='bbox 1542 1847 1648 1885; x_wconf 62' lang='lat' dir='ltr'>,aliis</span> <span class='ocrx_word' id='word_1_281' title='bbox 1679 1845 1816 1884; x_wconf 89' lang='lat' dir='ltr'>oneri-</span> 
     </span>
     <span class='ocr_line' id='line_1_35' title="bbox 498 1897 1815 1951; baseline -0.002 -12"><span class='ocrx_word' id='word_1_282' title='bbox 498 1902 572 1939; x_wconf 91' lang='lat' dir='ltr'>bus</span> <span class='ocrx_word' id='word_1_283' title='bbox 590 1925 603 1945; x_wconf 85' lang='lat'>,</span> <span class='ocrx_word' id='word_1_284' title='bbox 631 1911 704 1947; x_wconf 89' lang='lat' dir='ltr'>pro</span> <span class='ocrx_word' id='word_1_285' title='bbox 723 1898 864 1950; x_wconf 86' lang='lat' dir='ltr'>quibus</span> <span class='ocrx_word' id='word_1_286' title='bbox 896 1897 1039 1944; x_wconf 81' lang='lat' dir='ltr'>refert,</span> <span class='ocrx_word' id='word_1_287' title='bbox 1056 1911 1186 1938; x_wconf 86' lang='lat' dir='ltr'>annua</span> <span class='ocrx_word' id='word_1_288' title='bbox 1205 1900 1317 1939; x_wconf 87' lang='lat' dir='ltr'>scuta</span> <span class='ocrx_word' id='word_1_289' title='bbox 1336 1905 1397 1938; x_wconf 84' lang='lat'>16.</span> <span class='ocrx_word' id='word_1_290' title='bbox 1428 1899 1610 1951; x_wconf 86' lang='lat' dir='ltr'>requiri,</span> <span class='ocrx_word' id='word_1_291' title='bbox 1640 1908 1815 1945; x_wconf 51' lang='lat' dir='ltr'>nempea</span> 
     </span>
     <span class='ocr_line' id='line_1_36' title="bbox 497 1948 1816 2000; baseline -0.004 -9"><span class='ocrx_word' id='word_1_292' title='bbox 497 1953 612 1991; x_wconf 86' lang='lat' dir='ltr'>scuta</span> <span class='ocrx_word' id='word_1_293' title='bbox 633 1965 670 1998; x_wconf 89' lang='lat'>7.</span> <span class='ocrx_word' id='word_1_294' title='bbox 688 1965 755 2000; x_wconf 84' lang='lat'>40.</span> <span class='ocrx_word' id='word_1_295' title='bbox 776 1963 847 2000; x_wconf 86' lang='lat' dir='ltr'>pro</span> <span class='ocrx_word' id='word_1_296' title='bbox 864 1951 961 1990; x_wconf 89' lang='lat' dir='ltr'>vino</span> <span class='ocrx_word' id='word_1_297' title='bbox 976 1976 989 1995; x_wconf 94' lang='lat'>,</span> <span class='ocrx_word' id='word_1_298' title='bbox 1019 1952 1057 1991; x_wconf 77' lang='lat' dir='ltr'>Sc</span> <span class='ocrx_word' id='word_1_299' title='bbox 1074 1952 1209 1991; x_wconf 84' lang='lat' dir='ltr'>hostiis</span> <span class='ocrx_word' id='word_1_300' title='bbox 1228 1950 1572 1990; x_wconf 84' lang='lat' dir='ltr'>subministrandis</span> <span class='ocrx_word' id='word_1_301' title='bbox 1592 1950 1657 1988; x_wconf 86' lang='lat' dir='ltr'>sex</span> <span class='ocrx_word' id='word_1_302' title='bbox 1674 1948 1816 1987; x_wconf 87' lang='lat' dir='ltr'>Sacer-</span> 
     </span>
     <span class='ocr_line' id='line_1_37' title="bbox 496 2002 1814 2053; baseline -0.004 -9"><span class='ocrx_word' id='word_1_303' title='bbox 496 2005 664 2044; x_wconf 87' lang='lat' dir='ltr'>dotibus</span> <span class='ocrx_word' id='word_1_304' title='bbox 682 2004 717 2041; x_wconf 88' lang='lat' dir='ltr'>in</span> <span class='ocrx_word' id='word_1_305' title='bbox 748 2004 878 2041; x_wconf 84' lang='lat' dir='ltr'>relata</span> <span class='ocrx_word' id='word_1_306' title='bbox 897 2004 1076 2043; x_wconf 86' lang='lat' dir='ltr'>Ecclesia</span> <span class='ocrx_word' id='word_1_307' title='bbox 1107 2004 1295 2053; x_wconf 79' lang='lat' dir='ltr'>quotidie</span> <span class='ocrx_word' id='word_1_308' title='bbox 1319 2002 1620 2042; x_wconf 85' lang='lat' dir='ltr'>celebrantibus</span> <span class='ocrx_word' id='word_1_309' title='bbox 1641 2027 1654 2047; x_wconf 86' lang='lat'>‚</span> <span class='ocrx_word' id='word_1_310' title='bbox 1687 2010 1814 2051; x_wconf 86' lang='lat' dir='ltr'>atque</span> 
     </span>
     <span class='ocr_line' id='line_1_38' title="bbox 497 2054 1806 2104; baseline -0.003 -8"><span class='ocrx_word' id='word_1_311' title='bbox 497 2056 579 2096; x_wconf 85' lang='lat' dir='ltr'>alia</span> <span class='ocrx_word' id='word_1_312' title='bbox 605 2056 716 2094; x_wconf 87' lang='lat' dir='ltr'>scuta</span> <span class='ocrx_word' id='word_1_313' title='bbox 732 2056 826 2093; x_wconf 65' lang='lat' dir='ltr'>osto</span> <span class='ocrx_word' id='word_1_314' title='bbox 857 2067 930 2104; x_wconf 90' lang='lat' dir='ltr'>pro</span> <span class='ocrx_word' id='word_1_315' title='bbox 948 2055 1167 2094; x_wconf 90' lang='lat' dir='ltr'>honorario</span> <span class='ocrx_word' id='word_1_316' title='bbox 1184 2054 1454 2100; x_wconf 74' lang='lat' dir='ltr'>Confessarii,</span> <span class='ocrx_word' id='word_1_317' title='bbox 1485 2066 1530 2093; x_wconf 88' lang='lat' dir='ltr'>ac</span> <span class='ocrx_word' id='word_1_318' title='bbox 1562 2055 1707 2093; x_wconf 90' lang='lat' dir='ltr'>obulos</span> <span class='ocrx_word' id='word_1_319' title='bbox 1743 2059 1806 2093; x_wconf 86' lang='lat'>80.</span> 
     </span>
     <span class='ocr_line' id='line_1_39' title="bbox 493 2107 1816 2159; baseline -0.002 -12"><span class='ocrx_word' id='word_1_320' title='bbox 493 2121 568 2159; x_wconf 81' lang='lat' dir='ltr'>pro</span> <span class='ocrx_word' id='word_1_321' title='bbox 594 2107 904 2147; x_wconf 87' lang='lat' dir='ltr'>Linteaminum</span> <span class='ocrx_word' id='word_1_322' title='bbox 935 2132 948 2152; x_wconf 93' lang='lat'><strong>‚</strong></span> <span class='ocrx_word' id='word_1_323' title='bbox 975 2107 1258 2157; x_wconf 88' lang='lat' dir='ltr'>sacrarumque</span> <span class='ocrx_word' id='word_1_324' title='bbox 1291 2107 1638 2157; x_wconf 60' lang='lat' dir='ltr'>suppellectilium</span> <span class='ocrx_word' id='word_1_325' title='bbox 1669 2117 1816 2145; x_wconf 88' lang='lat' dir='ltr'>emun-</span> 
     </span>
     <span class='ocr_line' id='line_1_40' title="bbox 499 2158 1812 2206; baseline -0.002 -7"><span class='ocrx_word' id='word_1_326' title='bbox 499 2159 675 2199; x_wconf 87' lang='lat' dir='ltr'>datione</span> <span class='ocrx_word' id='word_1_327' title='bbox 695 2189 705 2199; x_wconf 90' lang='lat'><em>.</em></span> <span class='ocrx_word' id='word_1_328' title='bbox 733 2158 865 2197; x_wconf 89' lang='lat' dir='ltr'>Addit</span> <span class='ocrx_word' id='word_1_329' title='bbox 882 2185 894 2203; x_wconf 94' lang='lat'>,</span> <span class='ocrx_word' id='word_1_330' title='bbox 911 2159 1083 2198; x_wconf 81' lang='lat' dir='ltr'>minime</span> <span class='ocrx_word' id='word_1_331' title='bbox 1098 2159 1322 2199; x_wconf 86' lang='lat' dir='ltr'>convenire</span> <span class='ocrx_word' id='word_1_332' title='bbox 1339 2185 1352 2206; x_wconf 89' lang='lat'>‚</span> <span class='ocrx_word' id='word_1_333' title='bbox 1379 2168 1427 2199; x_wconf 93' lang='lat' dir='ltr'>ut</span> <span class='ocrx_word' id='word_1_334' title='bbox 1453 2160 1585 2200; x_wconf 81' lang='lat' dir='ltr'>exteri</span> <span class='ocrx_word' id='word_1_335' title='bbox 1615 2158 1812 2198; x_wconf 87' lang='lat' dir='ltr'>Sacerdo-</span> 
     </span>
     <span class='ocr_line' id='line_1_41' title="bbox 501 2210 1814 2263; baseline -0.002 -11"><span class='ocrx_word' id='word_1_336' title='bbox 501 2222 566 2252; x_wconf 88' lang='lat' dir='ltr'>tes</span> <span class='ocrx_word' id='word_1_337' title='bbox 594 2211 642 2251; x_wconf 85' lang='lat' dir='ltr'>ad</span> <span class='ocrx_word' id='word_1_338' title='bbox 669 2210 906 2251; x_wconf 80' lang='lat' dir='ltr'>utensilium</span> <span class='ocrx_word' id='word_1_339' title='bbox 931 2211 1231 2261; x_wconf 78' lang='lat' dir='ltr'>praestationem</span> <span class='ocrx_word' id='word_1_340' title='bbox 1254 2212 1503 2263; x_wconf 86' lang='lat' dir='ltr'>adigantur,</span> <span class='ocrx_word' id='word_1_341' title='bbox 1533 2212 1626 2263; x_wconf 84' lang='lat' dir='ltr'>quia</span> <span class='ocrx_word' id='word_1_342' title='bbox 1667 2211 1708 2249; x_wconf 91' lang='lat' dir='ltr'>id</span> <span class='ocrx_word' id='word_1_343' title='bbox 1740 2223 1814 2250; x_wconf 91' lang='lat' dir='ltr'>no-</span> 
     </span>
     <span class='ocr_line' id='line_1_42' title="bbox 496 2262 1813 2316; baseline 0 -12"><span class='ocrx_word' id='word_1_344' title='bbox 496 2277 596 2304; x_wconf 86' lang='lat' dir='ltr'>vum</span> <span class='ocrx_word' id='word_1_345' title='bbox 628 2263 724 2305; x_wconf 73' lang='lat' dir='ltr'>esset</span> <span class='ocrx_word' id='word_1_346' title='bbox 760 2265 798 2303; x_wconf 90' lang='lat' dir='ltr'>in</span> <span class='ocrx_word' id='word_1_347' title='bbox 829 2263 1017 2304; x_wconf 85' lang='lat' dir='ltr'>Civitate</span> <span class='ocrx_word' id='word_1_348' title='bbox 1048 2263 1254 2315; x_wconf 83' lang='lat' dir='ltr'>Aquenfi,</span> <span class='ocrx_word' id='word_1_349' title='bbox 1283 2265 1322 2305; x_wconf 88' lang='lat'>&amp;</span> <span class='ocrx_word' id='word_1_350' title='bbox 1353 2265 1515 2304; x_wconf 86' lang='lat' dir='ltr'>causam</span> <span class='ocrx_word' id='word_1_351' title='bbox 1533 2262 1813 2316; x_wconf 69' lang='lat' dir='ltr'>quaerimoniis</span> 
     </span>
     <span class='ocr_line' id='line_1_43' title="bbox 498 2315 1812 2367; baseline -0.001 -11"><span class='ocrx_word' id='word_1_352' title='bbox 498 2320 683 2367; x_wconf 69' lang='lat' dir='ltr'>praebere</span> <span class='ocrx_word' id='word_1_353' title='bbox 716 2315 842 2366; x_wconf 74' lang='lat' dir='ltr'>posset</span> <span class='ocrx_word' id='word_1_354' title='bbox 861 2343 874 2363; x_wconf 92' lang='lat'>,</span> <span class='ocrx_word' id='word_1_355' title='bbox 902 2317 1031 2356; x_wconf 74' lang='lat' dir='ltr'>immo</span> <span class='ocrx_word' id='word_1_356' title='bbox 1055 2316 1296 2358; x_wconf 87' lang='lat' dir='ltr'>Sacerdotes</span> <span class='ocrx_word' id='word_1_357' title='bbox 1312 2329 1336 2357; x_wconf 88' lang='lat' dir='ltr'>a</span> <span class='ocrx_word' id='word_1_358' title='bbox 1350 2315 1559 2357; x_wconf 84' lang='lat' dir='ltr'>Missarum</span> <span class='ocrx_word' id='word_1_359' title='bbox 1589 2317 1627 2355; x_wconf 93' lang='lat' dir='ltr'>in</span> <span class='ocrx_word' id='word_1_360' title='bbox 1647 2318 1812 2356; x_wconf 73' lang='lat' dir='ltr'>relata...</span> 
     </span>
     <span class='ocr_line' id='line_1_44' title="bbox 501 2369 1808 2419; baseline -0.001 -9"><span class='ocrx_word' id='word_1_361' title='bbox 501 2371 680 2410; x_wconf 76' lang='lat' dir='ltr'>Ecclesia</span> <span class='ocrx_word' id='word_1_362' title='bbox 707 2370 993 2409; x_wconf 84' lang='lat' dir='ltr'>celebratione</span> <span class='ocrx_word' id='word_1_363' title='bbox 1023 2371 1285 2417; x_wconf 87' lang='lat' dir='ltr'>retraheret,</span> <span class='ocrx_word' id='word_1_364' title='bbox 1312 2382 1407 2410; x_wconf 80' lang='lat' dir='ltr'>curn</span> <span class='ocrx_word' id='word_1_365' title='bbox 1431 2369 1634 2419; x_wconf 87' lang='lat' dir='ltr'>spirituali</span> <span class='ocrx_word' id='word_1_366' title='bbox 1660 2369 1808 2419; x_wconf 88' lang='lat' dir='ltr'>Populi</span> 
     </span>
     <span class='ocr_line' id='line_1_45' title="bbox 499 2421 1818 2472; baseline -0.002 -10"><span class='ocrx_word' id='word_1_367' title='bbox 499 2424 756 2463; x_wconf 86' lang='lat' dir='ltr'>detrimento</span> <span class='ocrx_word' id='word_1_368' title='bbox 771 2448 784 2467; x_wconf 89' lang='lat'><strong>‚</strong></span> <span class='ocrx_word' id='word_1_369' title='bbox 802 2421 1152 2462; x_wconf 80' lang='lat' dir='ltr'>&amp;imminutione</span> <span class='ocrx_word' id='word_1_370' title='bbox 1173 2422 1312 2472; x_wconf 86' lang='lat' dir='ltr'>cultus</span> <span class='ocrx_word' id='word_1_371' title='bbox 1326 2422 1510 2472; x_wconf 79' lang='lat' dir='ltr'>Deiparae</span> <span class='ocrx_word' id='word_1_372' title='bbox 1527 2421 1712 2472; x_wconf 86' lang='lat' dir='ltr'>Virginis</span> <span class='ocrx_word' id='word_1_373' title='bbox 1728 2422 1818 2461; x_wconf 90' lang='lat' dir='ltr'>Do-</span> 
     </span>
     <span class='ocr_line' id='line_1_46' title="bbox 501 2474 1605 2525; baseline 0 -11"><span class='ocrx_word' id='word_1_374' title='bbox 501 2478 633 2514; x_wconf 86' lang='lat' dir='ltr'>lorum</span> <span class='ocrx_word' id='word_1_375' title='bbox 651 2500 665 2519; x_wconf 87' lang='lat'>‚</span> <span class='ocrx_word' id='word_1_376' title='bbox 694 2474 1173 2525; x_wconf 81' lang='lat' dir='ltr'>cujuspropagationem</span> <span class='ocrx_word' id='word_1_377' title='bbox 1194 2474 1402 2515; x_wconf 85' lang='lat' dir='ltr'>Fundator</span> <span class='ocrx_word' id='word_1_378' title='bbox 1416 2474 1579 2523; x_wconf 81' lang='lat' dir='ltr'>optavit</span> <span class='ocrx_word' id='word_1_379' title='bbox 1594 2503 1605 2514; x_wconf 92' lang='lat'><strong>.</strong></span> 
     </span>
    </p>

    <p class='ocr_par' dir='ltr' id='par_1_6' title="bbox 450 2525 1817 2683">
     <span class='ocr_line' id='line_1_47' title="bbox 450 2525 1817 2574; baseline -0.001 -7"><span class='ocrx_word' id='word_1_380' title='bbox 450 2526 816 2574; x_wconf 83' lang='lat' dir='ltr'>Quemadmodum</span> <span class='ocrx_word' id='word_1_381' title='bbox 848 2529 950 2567; x_wconf 79' lang='lat' dir='ltr'>vero</span> <span class='ocrx_word' id='word_1_382' title='bbox 981 2527 1178 2567; x_wconf 89' lang='lat' dir='ltr'>Sacerdos</span> <span class='ocrx_word' id='word_1_383' title='bbox 1220 2526 1336 2566; x_wconf 87' lang='lat' dir='ltr'>Gaiti</span> <span class='ocrx_word' id='word_1_384' title='bbox 1370 2525 1582 2567; x_wconf 80' lang='lat' dir='ltr'>Missarum</span> <span class='ocrx_word' id='word_1_385' title='bbox 1612 2525 1817 2566; x_wconf 67' lang='lat' dir='ltr'>reductio-</span> 
     </span>
     <span class='ocr_line' id='line_1_48' title="bbox 503 2579 1812 2629; baseline 0.001 -10"><span class='ocrx_word' id='word_1_386' title='bbox 503 2593 599 2619; x_wconf 87' lang='lat' dir='ltr'>nem</span> <span class='ocrx_word' id='word_1_387' title='bbox 627 2581 854 2628; x_wconf 83' lang='lat' dir='ltr'>expostulat</span> <span class='ocrx_word' id='word_1_388' title='bbox 880 2581 993 2627; x_wconf 81' lang='lat' dir='ltr'>juxta</span> <span class='ocrx_word' id='word_1_389' title='bbox 1013 2580 1300 2620; x_wconf 84' lang='lat' dir='ltr'>eleemosinam</span> <span class='ocrx_word' id='word_1_390' title='bbox 1317 2579 1357 2617; x_wconf 91' lang='lat' dir='ltr'>in</span> <span class='ocrx_word' id='word_1_391' title='bbox 1373 2579 1533 2620; x_wconf 86' lang='lat' dir='ltr'>ratione</span> <span class='ocrx_word' id='word_1_392' title='bbox 1550 2587 1649 2618; x_wconf 75' lang='lat' dir='ltr'>taxa:</span> <span class='ocrx_word' id='word_1_393' title='bbox 1666 2592 1812 2629; x_wconf 88' lang='lat' dir='ltr'>perpe-</span> 
     </span>
     <span class='ocr_line' id='line_1_49' title="bbox 499 2632 1814 2683; baseline 0.002 -13"><span class='ocrx_word' id='word_1_394' title='bbox 499 2639 576 2670; x_wconf 73' lang='lat' dir='ltr'>tuae</span> <span class='ocrx_word' id='word_1_395' title='bbox 595 2657 607 2676; x_wconf 90' lang='lat'><em>‚</em></span> <span class='ocrx_word' id='word_1_396' title='bbox 640 2632 795 2674; x_wconf 81' lang='lat' dir='ltr'>idcirco</span> <span class='ocrx_word' id='word_1_397' title='bbox 822 2634 991 2672; x_wconf 84' lang='lat' dir='ltr'>testatur</span> <span class='ocrx_word' id='word_1_398' title='bbox 1009 2633 1245 2682; x_wconf 80' lang='lat' dir='ltr'>Episcopus,</span> <span class='ocrx_word' id='word_1_399' title='bbox 1263 2634 1366 2672; x_wconf 87' lang='lat' dir='ltr'>hanc</span> <span class='ocrx_word' id='word_1_400' title='bbox 1385 2640 1608 2682; x_wconf 30' lang='lat' dir='ltr'>taxamipro</span> <span class='ocrx_word' id='word_1_401' title='bbox 1633 2632 1814 2683; x_wconf 80' lang='lat' dir='ltr'>Aquensi</span> 
     </span>
    </p>
   </div>
   <div class='ocr_carea' id='block_1_2' title="bbox 499 2684 1814 2779">
    <p class='ocr_par' dir='ltr' id='par_1_7' title="bbox 499 2684 1814 2779">
     <span class='ocr_line' id='line_1_50' title="bbox 499 2684 1811 2779; baseline 0 -52"><span class='ocrx_word' id='word_1_402' title='bbox 499 2684 667 2730; x_wconf 73' lang='lat' dir='ltr'>Diaecefi</span> <span class='ocrx_word' id='word_1_403' title='bbox 698 2684 737 2723; x_wconf 87' lang='lat' dir='ltr'>in</span> <span class='ocrx_word' id='word_1_404' title='bbox 769 2685 902 2725; x_wconf 77' lang='lat' dir='ltr'>obulis</span> <span class='ocrx_word' id='word_1_405' title='bbox 928 2685 1145 2726; x_wconf 82' lang='lat' dir='ltr'>duodecim</span> <span class='ocrx_word' id='word_1_406' title='bbox 1174 2697 1268 2725; x_wconf 86' lang='lat' dir='ltr'>cum</span> <span class='ocrx_word' id='word_1_407' title='bbox 1282 2684 1458 2727; x_wconf 87' lang='lat' dir='ltr'>dimidio</span> <span class='ocrx_word' id='word_1_408' title='bbox 1483 2698 1555 2737; x_wconf 80' lang='lat' dir='ltr'>pro</span> <span class='ocrx_word' id='word_1_409' title='bbox 1570 2696 1811 2779; x_wconf 49' lang='lat' dir='ltr'>unaquffiuf</span> 
     </span>
     <span class='ocr_line' id='line_1_51' title="bbox 1767 2750 1814 2774; baseline 0 -4"><span class='ocrx_word' id='word_1_410' title='bbox 1767 2750 1776 2774; x_wconf 74' lang='grc' dir='ltr'><strong><em>ι</em></strong></span> <span class='ocrx_word' id='word_1_411' title='bbox 1798 2761 1814 2770; x_wconf 88' lang='grc'><strong>.</strong></span> 
     </span>
    </p>
   </div>
  </div>
 </body>
</html>
