1924 2970
548 149 551 152 .
583 127 642 154 20.
660 113 808 161 Aprilis
831 126 940 158 ¹771
1370 129 1420 162 79

139 160 385 205 ERUSINA
431 162 657 207 MONTIS
693 165 946 207 PIETATIS
994 195 1002 204 .
1071 167 1122 209 Ex
1150 167 1417 209 liaereditariis

149 215 205 265 pii
225 217 316 257 Viri
337 217 528 266 Raynerii
545 217 753 259 consolini
773 219 885 259 bonis
910 218 1218 260 ascendentibus
1241 222 1287 261 ad
1308 221 1419 260 scuta

108 284 266 321 14000„
283 282 405 319 prope
422 269 541 308 finem
560 271 694 313 saeculi
708 270 823 313 XVI
840 284 906 313 ere
913 272 1000 309 ‘lus
1018 270 1148 311 Peruli
1154 285 1182 309 e
1199 274 1276 310 luit
1294 273 1416 312 Mons

103 322 308 367 Pietatis,
340 321 586 363 auetoritate
607 320 839 370 Apostoliea
856 323 1117 363 confirmatus
1146 336 1167 364 a
1197 325 1272 363 san
1289 337 1411 366 mem.

104 378 322 418 Clemente
340 372 484 418 VIII,
517 374 726 422 impertita
744 379 869 415 etiam
885 377 1088 416 facultate
1117 376 1301 425 exigendi
1333 376 1413 416 fr-ii

102 433 192 470 estus
210 429 370 468 summae
389 435 585 466 mutuat-2:
613 427 662 466 ad
676 428 878 468 rationem
907 428 1114 467 scutorum
1142 428 1313 467 duorum
1341 442 1413 479 pro

102 479 371 524 centenario,
395 480 551 518 &anno
582 480 622 520 in
655 481 891 521 necessarias
917 479 1081 521 AEdium
1111 481 1298 529 expensas
1330 507 1342 527 ,
1374 483 1413 523 δί

98 532 376 576 Ministrorum
392 531 585 579 stipendia
599 533 818 582 erogandos
836 563 844 572 .
876 533 1055 573 Decursu
1073 533 1270 583 temporis
1303 535 1409 575 five.)

96 584 327 629 debitorum
359 583 605 633 impotentia
634 610 646 630 ‚
674 586 754 627 slve
788 585 1004 627 Ren‘torum
1037 585 1193 626 incuria
1221 587 1269 625 ad
1297 598 1416 625 eam.»

96 637 220 684 Mons
238 636 306 675 iste
334 646 616 687 paupertatem
646 637 815 677 devenit
830 663 842 682 ‚
873 647 918 678 ut
936 650 1039 677 anno
1061 642 1174 685 ¹699·
1191 639 1328 678 claudi
1347 639 1415 679 de-

69 727 72 732 ,
93 689 230 733 buerit
253 716 264 727 .
286 687 449 729 Interea
467 702 565 729 vero
591 687 753 728 refertis
768 690 1006 740 aliqualiter
1035 689 1184 731 viribus
1201 703 1305 730 anno
1324 701 1414 732 tan-

92 742 186 780 dem
210 751 324 786 1735
355 741 404 780 ad
421 741 664 783 exercitium
692 751 908 781 revocatus
925 741 1033 786 fuit,
1053 752 1257 783 annuente
1271 756 1410 783 sazme:

93 794 314 840 Clemente
332 793 429 838 XII.
451 819 466 839 ‚
497 792 824 845 quifacultatem
844 794 1008 833 indulfit
1037 795 1224 844 exigendi
1256 808 1325 844 per
1341 797 1414 837 de-

66 846 285 887 .cennium
314 849 362 885 ab
391 846 753 896 oppignorantibus
782 847 890 885 scuta
924 847 1001 885 tria
1032 858 1104 893 pro
1131 849 1368 888 centenario
1397 873 1410 893 ,

90 898 358 948 eamdemque
375 897 619 937 facultatem
637 898 720 938 san.
726 911 849 938 mem.
854 898 1094 940 Benedic‘tus
1113 895 1225 938 XIV.
1232 899 1280 941 ad
1297 901 1409 941 aliud

87 950 332 994 decennium
357 950 616 999 prorogavit.

34 1002 130 1043 Non
169 1002 436 1042 advertentes
477 1012 616 1042 tamen
663 1000 822 1042 Montis
867 1001 1039 1041 Ministri
1070 1025 1084 1045 .
1128 1001 1280 1050 lapsum
1325 1005 1408 1049 jam

84 1052 200 1094 fuisse
227 1053 474 1094 decennium
518 1055 567 1094 ad
597 1055 855 1094 exat‘tionem
882 1055 1006 1094 austae
1040 1054 1284 1104 quantitatis
1319 1057 1408 1094 usu-

69 1118 226 1146 ararum
253 1115 515 1156 prorogatum
545 1132 560 1153 ,
602 1107 793 1147 eamdem
822 1108 1075 1149 exactionem
1118 1130 1130 1149 ‚
1170 1108 1313 1156 absque
1347 1108 1407 1146 fa-

47 1197 49 1199 .
79 1159 241 1200 cultate
293 1159 528 1210 prosequuti
576 1159 664 1198 sunt
709 1173 723 1201 2·
767 1159 906 1208 Quare
949 1159 1044 1198 novi
1090 1159 1274 1199 Praelides
1317 1161 1408 1208 sup-

83 1211 235 1261 plicem
261 1212 702 1252 obtuleruntlibellum
717 1213 796 1252 san.
818 1225 940 1252 mem.
958 1211 1167 1253 Clementi
1184 1210 1301 1250 X111.
1334 1226 1406 1261 pc,-

79 1271 219 1304 tentes
247 1271 334 1302 tum
353 1264 651 1304 absolutionem
686 1275 706 1302 a
723 1264 854 1312 poenis
871 1290 884 1309 ‚
913 1266 951 1305 ³:
967 1264 1148 1304 censuris
1176 1266 1225 1302 ob
1243 1274 1402 1312 protra-

80 1317 188 1357 ctam
217 1317 325 1356 ultra
349 1317 594 1356 decennium
623 1317 876 1358 exactionem
897 1341 911 1360 ‚
941 1327 1030 1356 tum
1060 1316 1186 1355 etiam
1221 1329 1367 1356 novam
1388 1343 1402 1360 ‚

78 1367 273 1419 nullaque
298 1369 495 1417 temporis
532 1365 795 1416 1³raefiniti011e
823 1368 1178 1422 circumscriptam
1223 1367 1401 1411 faculta-

78 1429 166 1460 tem
191 1421 442 1470 percipiendi
478 1422 614 1460 usuras
645 1421 683 1460 in
700 1422 844 1460 eadem
865 1409 1016 1462 summa
1048 1421 1255 1459 scutorum
1275 1421 1398 1458 trium

75 1484 150 1522 pro
164 1473 438 1512 centenario.
469 1472 657 1511 Precibus
687 1473 737 1511 ad
771 1475 872 1510 hanc
904 1473 1068 1512 Sacram
1098 1471 1399 1520 Congregatio-

74 1535 170 1564 nem
187 1524 304 1574 ableg
307 1525 387 1566 atis
409 1548 423 1566 ‚
453 1524 594 1562 annuit
613 1522 780 1573 quidem
799 1524 879 1573 ipsa
912 1523 1042 1574 quoad
1064 1531 1313 1570 prxtentum
1330 1524 1400 1561 ab·

70 1539 304 1616 solutionig
303 1601 317 1622 ‚
347 1577 525 1626 erogatis
553 1575 675 1616 scutrs
707 1584 873 1614 centum
905 1575 945 1613 in
976 1574 1281 1622 eleemosynam
1298 1576 1401 1616 Pau-

81 1638 254 1676 perums
270 1628 424 1669 Verum
443 1629 548 1677 quod
566 1626 749 1683 pertinet
764 1626 813 1665 ad
831 1635 992 1673 tempus
1007 1623 1276 1671 futurum,xes
1296 1627 1398 1666 abiit

81 1678 271 1719 irresolut
274 1691 296 1718 a
313 1704 327 1724 ,
343 1679 381 1718 Sc
395 1678 517 1717 modo
532 1679 774 1738 proponitur
788 1677 1042 1717 definienda.

22 1729 232 1779 Proemiffo
241 1738 397 1775 autem,
414 1730 521 1779 quod
540 1731 653 1776 juxta
669 1728 905 1770 Concilium
920 1729 1164 1769 Lateranen.
1181 1730 1230 1769 V.
1236 1729 1393 1778 seffto.

74 1783 203 1827 liceat
233 1794 305 1832 pro
320 1780 478 1823 Montis
495 1781 768 1824 indemnitate
785 1781 940 1830 aliquid
968 1783 1014 1823 ab
1028 1775 1393 1838 oppignorantibus

68 1835 177 1874 ultra
195 1845 354 1874 morem
369 1834 556 1883 accipere
573 1861 587 1880 ‚
616 1834 831 1873 observant
847 1832 1029 1875 pra-fides
1061 1831 1223 1877 Montis
1241 1833 1395 1876 Conso-

65 1886 160 1944 lini,
187 1885 505 1926 indemnitatem
535 1886 671 1926 haberi
691 1899 766 1927 non
787 1884 919 1936 posse,
949 1886 1018 1925 nisi
1048 1884 1128 1924 tria
1157 1897 1231 1932 pro
1249 1894 1394 1927 cente-

66 1937 182 1978 nario
205 1938 418 1989 exigantur
446 1964 460 1984 ‚
491 1939 612 1990 idque
642 1950 689 1978 ex
719 1951 769 1978 eo
794 1938 973 1988 primum
1004 1937 1248 1990 desumunt,
1284 1937 1391 1989 quod

65 1990 248 2030 coercita
275 1991 485 2031 exastioue
514 1992 565 2032 ad
579 1991 661 2031 duo
678 2000 842 2031 tantum
870 1992 984 2033 scuta
1002 2014 1015 2033 t
1043 1990 1277 2031 retrahivix
1299 1991 1387 2038 pos-

63 2043 125 2089 set
154 2054 284 2083 annua
297 2044 452 2082 summa
483 2044 690 2083 scutorum
714 2056 800 2090 ¹93·
818 2056 881 2093 45.
912 2043 1048 2084 habita
1070 2043 1227 2082 ratione
1259 2042 1310 2084 cle
1327 2055 1390 2081 ca-

65 2094 377 2153 pitalibus,quae
397 2095 518 2135 hodie
547 2109 625 2134 non
646 2095 846 2136 excedunt
865 2096 974 2135 scuta
999 2100 1152 2143 9672.,-
1184 2095 1333 2145 quibus
1366 2095 1394 2137 si

62 2146 261 2206 addantur
277 2146 359 2187 alia
375 2148 489 2187 scuta
511 2161 576 2195 73.
597 2159 659 2191 50:
693 2147 977 2197 provenientia
1004 2159 1052 2185 ex
1070 2147 1191 2187 censu
1212 2172 1226 2190 >
1259 2145 1396 2189 ’δίλο-

61 2198 120 2237 eis
140 2198 385 2244 Montium,
417 2199 577 2250 integra
607 2211 654 2238 ex
687 2199 871 2240 omnibus
890 2199 1204 2240 constitueretur
1235 2198 1391 2239 summa

63 2249 267 2294 scutorum
290 2257 380 2291 266.
396 2264 463 2299 95.
483 2280 494 2291 .
514 2250 695 2290 Aliunde
714 2252 815 2292 vern
831 2253 1007 2291 constare
1025 2249 1387 2298 dicuimi‘mpensas

64 2312 133 2391 pro
148 2302 339 2343 Miuistris
356 2328 370 2348 2
387 2304 426 2344 &
444 2302 602 2345 Montis
633 2304 949 2344 manutentione
965 2304 1164 2342 summam
1191 2303 1387 2346 excedere

82 2362 161 2399 cut.
169 2368 187 2394 2
220 2369 256 2401 7.
278 2369 340 2399 23.

9 2404 180 2445 Addunt
194 2368 340 2446 {tiam
339 2433 354 2453 ‚
374 2409 421 2446 ab
436 2420 540 2447 anno
562 2416 676 2451 1735.
714 2406 762 2446 ad
781 2410 865 2447 haec
883 2408 1006 2458 usque
1033 2415 1220 2465 tempora
1243 2415 1386 2455 quam-

61 2458 122 2497 vis
146 2468 333 2508 percepta
352 2459 508 2499 fuerint
535 2460 646 2498 scuta
679 2460 759 2499 tria
790 2473 861 2509 pro
890 2460 1159 2501 centenario,
1189 2457 1293 2500 nihil
1325 2464 1389 2499 ta,-

55 2521 147 2548 men
175 2509 275 2550 lucri
290 2521 532 2569 perceptum
550 2509 668 2550 fuiisc
685 2537 698 2556 ‚
737 2525 831 2552 cum
851 2524 928 2553 non
946 2512 1110 2550 aut‘lum
1132 2534 1143 2553 ‚
1163 2509 1254 2549 scd
1247 2507 1384 2548 immi-

56 2569 205 2601 nutum
220 2563 352 2611 potius
375 2562 502 2604 fuerit
539 2563 718 2607 capitale
749 2565 854 2607 apio
883 2563 1123 2605 Institutore
1162 2559 1385 2600 reliftum.

56 2612 245 2658 luserunt
263 2615 443 2663 proinde,
462 2613 727 2656 necessarium
758 2615 835 2656 effe
863 2615 985 2656 usura:
1001 2619 1313 2670 augumentum
1344 2610 1395 2649 ad

51 2676 166 2714 pium
181 2678 281 2717 opus
310 2669 658 2723 conservandum,
687 2667 825 2710 habita
862 2664 1085 2718 praesertim
1130 2663 1288 2706 ratione
1318 2675 1389 2719 pe-

1339 2726 1396 2753 rx-

1486 169 1581 216 Sesr.
1591 182 1681 209 κιο
1664 178 1780 223 σαμε,

1458 221 1503 256 clc
1521 221 1677 266 Reform.
