1924 2970
447 94 494 130 ¹4
918 89 977 115 ιι.
999 74 1178 126 Jannarii
1200 87 1314 121 17-72.

385 130 615 180 Praefert-im
636 129 729 180 quia
750 126 937 169 Testator
968 130 1007 167 in
1027 127 1305 168 demandanda
1337 124 1546 163 Musarum
1573 128 1759 166 *celebra-

434 188 552 224 tione
572 209 585 228 ,
618 195 691 222 nec
719 181 818 221 Loci
854 181 1084 220 Incolarum
1104 207 1117 225 ,
1151 193 1223 220 nec
1255 179 1380 218 ullius
1409 177 1672 222 commodum
1692 191 1759 218 re-

439 236 586 286 spexit,
603 234 667 275 sed
685 234 977 273 tantummodo
995 233 1156 271 Animae
1175 231 1419 280 Suffragium
1440 254 1453 274 ‚
1470 229 1578 279 quod
1597 230 1636 267 in
1655 242 1756 280 qna-

441 300 617 337 cumque
636 288 807 328 Ecclefia
824 285 1117 335 consequitur:
1152 285 1212 324 Ac
1244 295 1440 333 praeterea
1470 282 1648 321 ruralem
1682 281 1760 321 Ec-

434 342 595 384 clefiam
613 338 865 387 Camporelli
888 337 1038 375 nonita
1054 335 1264 381 absolute,
1297 350 1341 376 ac
1366 335 1546 374 taxativ'e
1577 333 1756 382 designa-

435 395 498 435 vit
514 417 526 437 ‚
543 402 588 432 ut
607 393 644 430 in
663 405 708 431 ca
727 393 892 443 tantum
909 415 922 435 ‚
938 390 976 429 ὃ(
993 402 1069 428 non
1084 390 1180 428 alibi
1199 389 1408 429 Miffarum
1424 386 1753 434 celebrationem

439 445 634 486 indixerit
653 474 661 482 .

385 499 520 540 Addit
538 511 614 535 non
635 506 724 535 eam
744 493 858 533 fuiffe
877 493 1099 532 Testatoris
1131 504 1312 533 mentem
1333 519 1345 538 ‚
1377 503 1422 533 ut
1452 505 1594 534 omnes
1624 491 1763 531 omni·

438 554 491 591 ηὸ
510 548 749 588 medietatis
766 545 994 586 Latifundii
1015 547 1168 585 reditus
1202 547 1241 585 iu
1259 547 1548 586 demandatam
1575 555 1753 591 onerum

440 600 762 643 satisfactionem
781 624 793 643 ‚
812 599 878 637 sed
895 599 1025 636 solum
1045 611 1117 646 pro
1134 599 1270 649 aliqua
1289 609 1376 638 rata
1411 599 1449 637 in
1470 609 1559 638 eam
1595 605 1758 638 caulam

439 662 703 704 erogarentur
720 678 733 698 ‚
755 661 874 701 prout
892 663 941 690 ex
960 652 1165 689 nonnullis
1202 651 1454 690 Testamenti
1486 651 1606 694 Locis
1635 649 1753 689 desu-

439 708 545 746 mits
565 703 817 753 proindeque
835 704 992 752 arguit,
1024 703 1130 753 quod
1160 704 1185 740 fi
1220 716 1264 742 ex
1282 705 1379 749 justa
1394 703 1547 753 }aliqua
1566 702 1757 741 ratione.»

442 770 613 798 onerum
630 757 814 796 redud'tio
831 764 1088 803 competeret
1110 781 1122 799 ‚
1140 757 1275 794 multo
1293 756 1381 794 san'e
1402 757 1528 804 magis
1546 767 1591 793 ex
1612 752 1754 792 relatis

442 809 756 850 circumstantiis
775 808 1028 848 rationabilis
1048 805 1257 847 Missarum
1276 808 1498 846 translatio
1516 807 1709 845 videatur
1723 833 1735 843 .

392 863 449 912 Ex
468 872 560 903 toto
577 861 827 901 Testamenti
845 860 1038 898 contextu
1059 860 1133 897 [ΞΕ.
1155 860 1243 899 VV.
1276 858 1606 899 circumferendo
1623 864 1758 905 patet,

444 912 717 955 medietatem
759 912 988 952 Latifundii
1033 911 1290 957 Camporelli
1330 914 1510 960 pluribus
1551 909 1763 960 perpetuis

445 967 635 1006 oneribus
652 964 764 1005 fuisse
781 965 997 1004 subiectam
1015 992 1026 1002 .
1055 964 1212 1004 Petitio
1225 964 1478 1005 Marchionis
1499 962 1617 1007 Moffi
1636 962 1763 1011 respi-

448 1020 505 1059 cit
524 1021 683 1058 tantum
699 1017 1015 1057 translationem
1031 1015 1237 1055 Missarum
1252 1030 1272 1056 a
1292 1017 1413 1056 rurali
1436 1017 1610 1057 Ecclesia
1640 1014 1764 1053 Cam-

447 1071 596 1121 porelli
612 1097 624 1116 ,
642 1080 687 1110 ut
704 1070 851 1109 tutiori
870 1070 1034 1109 illarum
1052 1067 1317 1109 satisfactioni
1333 1069 1626 1118 prospiciatur:
1644 1067 1757 1106 Huic

449 1132 588 1165 autem
604 1122 800 1171 petitioni
814 1134 861 1160 an
876 1123 923 1160 fit
937 1119 1216 1166 annuendum,
1234 1122 1415 1161 viderint
1434 1121 1512 1160 Eli.
1527 1120 1622 1165 PP.,
1642 1131 1663 1159 a
1679 1119 1771 1169 qui-

450 1178 521 1215 bus
537 1175 731 1226 quaeritur
752 1205 761 1213 .

398 1231 468 1270 Au
485 1252 498 1273 ‚
523 1231 567 1272 ὼ·
583 1229 708 1278 quibus
729 1229 852 1268 diebus
863 1227 914 1276 fit
926 1225 1020 1269 locus
1037 1225 1269 1268 translationi
1299 1228 1410 1269 oneris
1426 1225 1622 1276 Miffbrum
1640 1227 1678 1270 in
1706 1237 1768 1263 ι’(ιτἵ

493 1280 543 1329 su
561 1283 632 1325 &c-

45 1490 358 1547 Sess.255.cqp.4·
501 1489 722 1530 OMANA
752 1489 1219 1532 DISRTIBUTIONIS
1251 1489 1515 1539 DOTIUM,
1553 1489 1771 1530 Institutas
1832 1533 1836 1537 .

8 1548 63 1587 *de
77 1542 236 1592 Reform.
509 1544 669 1583 haerede
687 1544 790 1584 Veu.
807 1543 1017 1583 Societate
1053 1545 1090 1585 S.
1112 1545 1369 1594 Appolloniae
1388 1544 1521 1584 eresta
1554 1542 1591 1580 in
1623 1541 1769 1581 Eccle-

447 1598 500 1636 fia
530 1595 629 1635 Divi
659 1596 871 1644 Augustini
898 1597 948 1635 de
970 1596 1079 1636 Urbe
1110 1623 1124 1642 ‚
1156 1598 1368 1636 mandavit
1393 1596 1537 1635 Petrus
1565 1593 1767 1633 Nicolaus

451 1647 668 1687 Pantotius
696 1647 810 1686 Civis
841 1648 1120 1688 Matelicanus
1140 1675 1151 1694 ‚
1185 1658 1230 1688 ut
1257 1661 1398 1688 omnes
1428 1649 1500 1687 suae
1519 1646 1767 1686 haereditatis

451 1699 609 1739 fructus
644 1700 803 1749 erogari
834 1701 1031 1739 deberent
1062 1702 1099 1739 in
1118 1710 1181 1741 tot
1201 1702 1377 1740 Subfidia
1409 1700 1564 1739 dotalia
1583 1700 1688 1738 scut.
1705 1709 1769 1742 35.

450 1751 594 1792 favore
611 1751 958 1800 Puellarumfiglie
976 1755 1016 1790 di
1035 1755 1205 1796 V'edovcn
1224 1767 1241 1789 o
1256 1755 1408 1793 Vedovo
1424 1779 1437 1798 ‚
1455 1767 1473 1789 o
1489 1752 1629 1798 Orfane
1647 1776 1660 1795 ‚
1679 1765 1697 1789 e
1713 1753 1776 1788 che

447 1806 546 1856 siano
557 1813 690 1854 pavere
705 1829 718 1849 ‚
745 1805 791 1840 ed
805 1807 916 1842 anche
921 1804 1032 1855 figlie¹
1045 1809 1085 1843 di
1102 1807 1247 1855 persiam·
1262 1815 1404 1843 onorate
1420 1830 1433 1849 ‚
1464 1819 1481 1842 e
1506 1805 1569 1842 che
1588 1805 1714 1842 abbino
1734 1801 1772 1839 al

453 1870 552 1895 meno
571 1861 631 1896 18.
653 1860 740 1896 anni
755 1884 764 1894 .
796 1856 971 1896 Addidit
987 1867 1125 1897 tamen
1144 1875 1171 1894 ε
1196 1859 1273 1907 caso
1302 1859 1365 1895 che
1377 1861 1415 1894 in
1430 1857 1545 1895 Rom
1574 1860 1614 1895 vi
1634 1855 1765 1903 foffero

456 1908 602 1949 Zitelle
618 1910 658 1946 di
674 1909 779 1957 onestt'
792 1910 948 1947 Parenti
963 1936 976 1955 ‚
1005 1913 1070 1949 che
1088 1912 1218 1959 foffcro
1246 1909 1370 1959 dist-esi
1401 1911 1448 1946 da
1477 1910 1561 1945 miei
1590 1906 1775 1951 Paesuni,

458 1963 522 2001 che
534 1965 698 2000 arrivino
712 1961 840 1999 all’ecd
857 1964 1070 2011 sopradetta
1086 1989 1098 2008 ‚
1117 1963 1364 2011 stauosempre
1374 1961 1548 2012 preferite
1579 1959 1745 1998 all’altre
1765 1988 1775 2001 ‚

406 2014 474 2056 Ad
491 2014 698 2053 tollendas
719 2021 877 2053 exortas
906 2015 1014 2054 iuter
1042 2024 1333 2055 concurrentes
1363 2013 1596 2065 quaestiones
1614 2037 1627 2057 ‚
1661 2013 1777 2051 inve-

460 2067 623 2116 cstosque
637 2064 775 2104 abusus
792 2091 804 2111 ,
835 2066 1063 2107 Cardinalis
1082 2069 1308 2108 Franzonus
1326 2066 1572 2106 auctoritate
1608 2066 1780 2114 Apostoe

462 2120 543 2159 lica
573 2130 676 2157 anno
700 2123 814 2165 1691.
836 2120 949 2167 plura
964 2120 1093 2160 edixit
1109 2151 1118 2160 .
1136 2121 1196 2160 Ac
1212 2120 1345 2170 primo
1375 2117 1541 2170 quidem
1560 2142 1573 2162 ,
1605 2128 1649 2157 ut
1685 2130 1780 2165 proe·

461 2170 669 2211 ferrentur
698 2170 849 2209 Pueuae
879 2180 1053 2222 utroque
1071 2173 1247 2213 Parente
1271 2174 1422 2211 orbata=
1441 2196 1454 2215 ‚
1483 2170 1775 2209 dummodo&

461 2221 730 2263 Matelicanis
758 2223 1082 2269 descenderent,
1113 2227 1151 2265 Sc
1186 2226 1225 2264 in
1243 2224 1351 2264 Urbe
1373 2237 1394 2264 a
1425 2223 1694 2273 quadriennio
1710 2223 1784 2261 sal·

461 2285 548 2316 tem
565 2283 824 2314 morarentur
841 2305 850 2314 .
867 2275 1028 2315 Deinde
1045 2303 1057 2322 ‚
1089 2288 1133 2317 ut
1150 2278 1474 2316 admitterentur
1497 2275 1647 2320 Puellae
1675 2276 1783 2314 alte-.

462 2336 577 2368 rutro
595 2338 640 2366 ex
658 2326 899 2366 Parentibus
913 2339 1102 2369 carentes
1123 2356 1136 2375 ‚
1164 2329 1358 2372 &iisdem
1379 2330 1583 2375 pollentes
1610 2327 1780 2378 requisi-

463 2381 520 2419 tis
536 2378 834 2419 descendentiae
853 2391 876 2418 a
894 2379 1160 2421 Matelicanis
1177 2409 1190 2427 ‚
1219 2384 1258 2423 δε
1276 2380 1564 2430 permanentia:
1599 2380 1637 2418 in
1669 2378 1780 2419 Urbe

462 2445 485 2471 a
515 2431 782 2483 quadriennio
798 2461 809 2472 .
842 2431 942 2472 Haec
959 2443 1098 2473 autem
1118 2435 1306 2485 requisita
1323 2430 1453 2472 adcffe
1473 2432 1606 2471 voluit
1630 2445 1667 2471 in
1687 2431 1781 2471 aliis

464 2482 622 2524 Puellis
638 2492 858 2535 utrumque
874 2481 1092 2526 Parentem
1113 2487 1351 2526 habentibus
1369 2510 1382 2529 ‚
1415 2496 1512 2535 quas
1542 2485 1670 2524 tertio
1691 2485 1785 2523 loco

467 2536 518 2575 ad
533 2535 795 2575 subsidiorum
813 2537 1016 2578 dotalium
1032 2537 1353 2590 affequutionem
1372 2536 1539 2576 admitti
1557 2537 1752 2585 praecepit
1773 2565 1785 2576 .

463 2589 524 2626 Ac
553 2588 719 2627 demum
752 2589 791 2627 in
820 2589 1006 2640 quolibet
1035 2603 1082 2630 ex
1112 2591 1254 2630 relatis
1288 2591 1435 2629 casibus
1466 2588 1643 2634 braeferri
1672 2589 1787 2636 juffit

465 2639 630 2688 Puellas
645 2651 666 2679 a
678 2640 945 2682 Matelicanis
960 2643 1361 2694 descendentes‚quae
1383 2643 1423 2682 in
1441 2641 1549 2682 Urbe
1566 2641 1783 2730 nataesfuis-

1696 2701 1784 2737 ent,

1920 2221 1924 2255 l

1921 2257 1924 2297 Ι

1921 2304 1924 2327 ι

1920 2334 1924 2368 l

1920 2378 1924 2402 1
