1924 2970
552 153 613 189 ²9·
633 136 795 190 Auguste·
823 148 936 188 1772.
1359 150 1429 190 ⁸7¹

64 196 153 286 A
176 246 335 286 LBEN.
366 242 911 285 IRREGULARITATIS.

63 304 186 352 Ansst
204 302 300 341 locus
317 299 572 351 dispensationi
586 321 599 343 ‚
628 302 667 338 in
683 299 768 348 casn
788 301 861 344 &a

199 561 556 603 EDIOLANEN.
601 560 1000 604 PROFESSIONIS
1033 591 1046 603 .
1117 561 1299 602 Deceffit
1328 574 1432 601 anno

206 627 316 662 1751.
348 614 577 656 Franciscus
596 616 731 655 Mauri
760 615 1076 655 Mediolanensis
1098 641 1109 661 ‚
1128 616 1196 666 qui
1216 615 1341 655 Uxori
1360 616 1431 654 suae

108 669 304 708 Antoniae
323 666 458 707 Mauri
478 669 657 707 tutelam
675 669 877 707 commifit
895 669 1091 707 Filiorum
1108 667 1265 717 josephi
1285 692 1297 712 ‚
1320 666 1431 706 Petri

106 719 318 763 Antonii,
336 722 372 760 &
391 720 611 760 Michaelis
629 751 638 760 .
670 721 758 759 Hos
781 720 917 761 Mater
934 721 1159 759 collocavit
1180 720 1217 758 in
1240 719 1430 768 Collegio

112 771 274 820 Oppidi
295 772 409 811 Busto
430 797 442 816 ‚
474 774 620 822 eosque
640 772 788 812 deinde
807 773 1037 812 educandos
1058 798 1068 817 ,
1086 772 1431 821 instituendosque

109 823 284 863 tradidit
302 824 512 873 Religiosis
531 825 640 865 Viris
661 825 1002 875 Congregationis
1029 823 1079 862 de
1099 824 1330 868 Somafflua,
1348 824 1433 872 pri-

109 877 226 916 mum
257 876 294 914 in
327 875 518 925 Collegio
539 876 675 915 Terrae
695 872 866 915 Meratae
885 903 896 922 ‚
927 890 973 916 ac
993 878 1123 925 postea
1151 877 1189 914 in
1209 877 1343 915 altero
1360 876 1432 915 Ci-

109 927 260 967 vitatis
291 927 540 966 Novocomii
561 954 573 972 ‚
603 929 710 976 quod
730 929 914 968 Gallium
943 930 1205 978 appellatur.
1237 928 1345 966 Dum
1378 929 1430 967 ibi

109 977 280 1029 degeret
306 980 556 1017 Adolescens
576 978 719 1018 Petrus
737 982 943 1019 Antonius
964 1005 977 1024 ‚
1006 982 1114 1019 suam
1135 980 1335 1027 patefecit
1354 993 1427 1018 vo-

105 1032 314 1081 luntatem
354 1027 575 1069 assumendi
622 1033 804 1070 habitum
853 1033 891 1071 in
927 1032 1092 1080 praefata
1135 1031 1436 1081 Congregatio-

106 1095 160 1121 ne
187 1095 202 1122 ³·
245 1084 387 1120 verum
430 1092 593 1121 mutato
626 1085 793 1122 consilio
838 1083 1215 1133 Congregationem
1246 1082 1436 1123 Barnabi-

106 1141 244 1173 tarum
277 1134 436 1183 ingredi
457 1135 597 1173 statuit
613 1164 624 1174 .
659 1136 803 1186 ltaque
848 1138 960 1176 adire
978 1136 1096 1183 caepit
1127 1135 1296 1174 Scholas
1335 1136 1434 1174 San-

103 1185 162 1231 {ti
194 1185 421 1224 Alexandri
451 1211 463 1231 ‚
518 1189 909 1237 commendatusque
951 1187 1030 1227 fuit
1071 1187 1111 1226 P.
1133 1188 1258 1226 Rusca
1291 1188 1433 1226 Barna·

103 1236 200 1275 bitae
221 1261 234 1280 ,
265 1238 332 1288 qui
355 1239 392 1277 ei
414 1250 435 1276 a
453 1238 775 1279 Confeflionibus
797 1239 896 1281 esset
914 1266 928 1285 ,
957 1240 994 1279 Sc
1016 1240 1277 1278 voluntatem
1293 1242 1434 1288 explo-

103 1298 215 1328 raret
231 1303 245 1329 ,-
277 1301 352 1339 qua
374 1291 495 1335 probe
513 1292 676 1340 cognita
694 1317 707 1337 ‚
724 1302 850 1343 atque
868 1293 1068 1341 per-speria
1090 1290 1156 1330 die
1177 1305 1236 1331 21.
1252 1291 1433 1341 „ianuarii

104 1341 199 1380 anni
223 1347 335 1387 1761.
357 1342 501 1381 Petrus
519 1344 728 1384 Antonius
749 1346 786 1383 in
802 1344 1175 1394 Congregationem
1198 1344 1432 1382 Barnabita-

102 1405 195 1431 rum
215 1393 295 1432 fuit
312 1404 529 1443 cooptatus
549 1425 559 1434 .
592 1397 701 1436 Hinc
718 1396 981 1437 Modoetiam
1013 1396 1156 1434 dustus
1191 1396 1228 1433 in
1251 1396 1430 1435 Domum

105 1443 326 1502 Tyrocinii
344 1472 356 1491 ‚
389 1447 523 1486 induit
555 1448 775 1488 secundum
808 1461 968 1488 morem
996 1448 1177 1493 ejusdem
1197 1447 1434 1496 Congrega-

103 1498 231 1535 tronis
264 1499 441 1546 primum
472 1501 780 1540 candidatorum
810 1501 994 1540 habitum
1011 1525 1024 1545 ‚
1056 1511 1178 1549 quem
1213 1507 1361 1538 vocant
1393 1501 1433 1536 di

104 1549 268 1596 Meffi'ere
285 1576 297 1596 ,
329 1553 366 1590 ὅ(
384 1552 450 1590 die
470 1557 529 1591 26.
549 1553 693 1592 Martii
718 1559 831 1601 1761.
850 1552 1121 1592 Novitiorum
1149 1551 1338 1590 habitum
1369 1552 1433 1590 su·

106 1600 236 1649 scepit
255 1627 267 1647 ,
293 1614 339 1641 ac
361 1601 632 1651 Tyrocinium
652 1605 839 1655 ingressus
855 1607 907 1645 est
927 1633 939 1644 .

13 1654 15 1661 ’
53 1654 269 1696 Nonnulla
289 1653 708 1707 Tyrociniitemporc
725 1658 841 1697 dedit
872 1656 1151 1697 volubilitatis
1175 1682 1188 1701 ‚
1212 1666 1335 1706 atque
1370 1654 1433 1693 in-

99 1706 333 1745 constantiae
352 1707 457 1756 figna
477 1733 490 1752 ,
521 1710 600 1749 five
619 1713 668 1748 ob
686 1710 855 1748 nimiam
880 1710 1060 1760 Magistri
1079 1708 1350 1749 Novitiorum
1370 1707 1429 1745 as-

103 1758 327 1806 peritatem
343 1785 356 1803 ‚
372 1759 625 1812 difficileque
644 1762 869 1810 ingenium,
886 1763 966 1802 five
983 1763 1033 1800 ob
1047 1759 1256 1799 defectum
1277 1757 1429 1798 interni

101 1811 320 1867 consensus
334 1813 614 1859 perseverandi
635 1814 673 1852 in
687 1813 1175 1864 Congregatione.Quare
1192 1812 1428 1861 congrega·

101 1864 230 1900 nonis
247 1863 531 1909 Moderatores
552 1867 847 1915 prorogandum
865 1867 1064 1906 duxerunt
1083 1864 1304 1906 Tvrocinir
1317 1873 1428 1902 tem-

99 1925 176 1962 pus
193 1939 206 1958 ,
236 1914 475 1967 insuperque
490 1918 610 1957 Petro
626 1919 809 1958 Antonio
830 1918 1073 1957 facultatem
1093 1917 1294 1955 dederunt
1307 1915 1428 1954 confi⁴

101 1966 220 2005 tendi
239 1966 281 2006 P.
302 1967 503 2008 Tentorio
517 1970 696 2020 Collegii
718 1971 944 2009 Modoetiae*
959 1969 1183 2010 Vicario.ls
1201 1977 1341 2006 autem
1358 1967 1425 2005 die

106 2029 144 2058 ι.
160 2018 325 2067 Augusti
342 2018 448 2059 datis
466 2023 621 2061 litteris
635 2024 682 2062 ad
704 2023 1050 2062 P.Provincialem
1070 2021 1217 2068 scripfit
1235 2045 1247 2064 ‚
1265 2020 1303 2058 se
1318 2030 1429 2057 eum-

100 2068 198 2109 dem
215 2069 384 2109 Petrum
402 2076 633 2113 Antonium
654 2083 885 2123 promptum
903 2099 916 2118 ‚
947 2081 1212 2121 paratumque
1233 2068 1426 2110 invenilsc

101 2121 154 2159 ad
170 2119 453 2170 profeffionem
472 2127 759 2172 emittendam,
773 2140 896 2176 quare
914 2125 978 2163 die
996 2124 1291 2172 7.Septembris
1311 2127 1425 2168 1762.

99 2171 374 2212 Novitiorum
391 2177 581 2227 Magistro
595 2178 736 2217 frustra
752 2179 967 2221 resistente,
988 2188 1032 2214 ac
1053 2175 1321 2219 reclamante,
1339 2184 1440 2222 Pto&

106 2223 316 2265 feffionem
338 2229 468 2267 emifit
487 2258 497 2269 .

48 2274 163 2317 Facti
191 2277 340 2318 deinde
371 2281 566 2329 paenitens
596 2279 637 2319 P.
668 2280 837 2325 Mauri,
865 2279 1049 2329 cogitare
1077 2277 1198 2327 caepit
1232 2277 1428 2315 modum-2*

101 2331 246 2379 agendi
261 2331 312 2369 de
330 2330 403 2371 suae
420 2332 676 2372 Profeffionis
695 2332 889 2370 nullitate
908 2357 920 2376 ‚
949 2343 1070 2381 quam
1091 2344 1138 2370 ne
1157 2331 1422 2368 ratihabere,

1490 249 1602 297 Seffir
1614 265 1645 300 ψ
1664 262 1733 303 cap.
1745 267 1784 301 7.

1466 301 1513 339 dc
1530 305 1690 350 Reform.

1464 584 1565 632 sess.
1575 596 1592 619 2
1603 593 1634 626 5.
1651 591 1727 631 cap.
1738 596 1751 620 ι
1763 592 1798 626 5„

1466 646 1505 684 (ς
1521 646 1594 684 cap.
1606 638 1711 688 192de
1723 637 1802 674 Re-

1456 693 1584 744 gular-

96 2382 556 2430 videretur‚constanter
578 2386 715 2424 renuit
730 2382 1108 2433 Sacris‚0rdiuibus
1127 2382 1282 2421 initiari
1303 2412 1311 2420 .
1330 2382 1427 2420 Pre-
1473 2395 1476 2397 ’

100 2445 170 2474 ces
186 2434 330 2476 deinde
344 2438 495 2477 obtulit
513 2439 640 2477 Sacrae
657 2436 979 2486 Congregationi
998 2461 1011 2480 ‚
1040 2435 1180 2486 quibus
1203 2435 1308 2472 suam
1332 2433 1431 2472 Pro·

98 2485 313 2527 feffionem
335 2489 491 2529 irritam
512 2489 711 2529 declarari
730 2489 960 2538 postulavit,
978 2488 1106 2538 iisque
1125 2485 1294 2526 remiffis
1316 2486 1427 2524 Emi-

96 2538 333 2579 nentiffimo
364 2541 541 2582 Domino
554 2541 762 2581 Cardmali
797 2540 1082 2579 Puteobonelli
1106 2539 1425 2587 Archiepiscopo

97 2591 384 2631 Mediolanen.
399 2618 411 2637 ‚
430 2603 472 2632 ut
492 2595 734 2642 procederet
751 2594 800 2632 ad
818 2594 1074 2640 fbrmamSac.
1092 2592 1247 2630 concilii
1265 2592 1426 2629 Triden-

93 2646 169 2682 tini
184 2670 196 2689 ,
223 2648 265 2688 (ς’
280 2647 633 2694 Constitutionissan.
653 2661 755 2685 mem.
772 2646 959 2684 Benedicti
975 2645 1084 2683 XIV.
1100 2647 1277 2684 incipien.
1296 2645 1344 2680 Si
1357 2645 1425 2680 da-

91 2708 171 2736 cam
189 2699 387 2737 bominibus
404 2721 418 2742 ‚
445 2699 603 2750 quaestio
628 2710 698 2749 per
716 2710 840 2740 annos
874 2706 1049 2747 quatuor
1081 2707 1231 2747 magna
1261 2695 1420 2735 animo-

167 2776 169 2778 *
199 2752 409 2795 ·T0m.XLI.
831 2747 864 2788 Y
896 2763 916 2787 2
1333 2754 1422 2783 rum
