1924 2970
483 145 563 179 204
927 131 991 168 28.
1007 128 1217 178 Septembri
1231 140 1247 165 s
1265 141 1386 175 ‘¹771-

482 178 800 225 matrimonium
813 178 930 220 fuisse
946 181 1275 221 consummatum
1294 207 1307 227 ,
1340 191 1418 219 non
1451 179 1623 219 Mulieri
1653 189 1818 221 contra·

483 238 592 276 rium
609 231 800 273 afferenti
817 258 830 278 ‚
858 233 925 273 sed
944 232 1049 273 Viro
1080 234 1132 272 est
1149 233 1400 273 credendum
1428 230 1525 269 Can.
1545 233 1684 283 Siquis
1716 247 1821 271 acce·

480 292 580 339 perit
598 299 660 331 33.
677 286 838 337 quaest.1.
853 311 867 331 ‚
887 295 964 335 cap.
985 287 1244 325 continebatur
1259 289 1304 324 de
1323 286 1480 336 despous.
1501 287 1637 333 impub.
1669 301 1696 321 :
1727 289 1820 323 Con-

482 341 681 392 sultationi
696 348 767 376 tuae
781 339 914 377 taliter
928 338 1180 386 respondemus
1199 362 1212 382 ‚
1242 343 1337 391 quod
1350 352 1429 378 cum
1460 339 1498 375 in
1515 339 1673 377 decretis
1691 340 1824 376 hahea-

486 405 549 433 tur
561 391 765 443 ‘expreffum
781 416 794 435 ‚
822 391 958 440 qaodfi
970 393 1049 431 Wr
1064 392 1207 430 dixerit
1223 418 1234 437 ‚
1265 395 1361 442 quod
1391 392 1669 439 vxoremsuam
1699 404 1824 439 cogno-

484 456 587 486 verit
602 471 616 490 ‚
647 447 689 489 (ς’
707 443 852 482 Mulier
870 445 1062 491 negaverit
1078 469 1090 487 ‚
1112 445 1202 482 Viri
1211 444 1384 494 standum
1397 446 1445 494 est
1463 447 1624 481 veritati
1639 469 1651 488 ‚
1672 447 1714 487 ἐγ
1728 453 1822 492 prae-

474 501 556 548 sato
575 501 669 536 Viro
685 521 698 539 ‚
729 499 792 545 qui
807 497 910 533 dixit
930 495 974 541 se
1003 495 1205 534 filulierem
1228 498 1427 550 cognoviffe
1451 496 1549 543 fides
1572 497 1619 547 est
1639 497 1818 535 adhiben-

487 555 535 590 da
551 573 564 594 ‚
585 550 618 600 fi
629 546 1142 602 idjuramentofirmaverit.

429 603 587 645 Verum
608 600 720 640 enim
752 612 852 639 vero
882 601 906 639 fi
925 611 971 639 ex
989 599 1083 639 aliis
1116 601 1422 649 probationibus
1442 629 1454 648 ,
1488 612 1534 638 ac
1565 599 1813 646 comesturis

481 655 636 696 veritas
664 651 926 693 confeffionis
940 652 1135 692 Mulieris
1165 655 1371 694 elucescat
1389 679 1402 698 2
1421 652 1517 695 huic
1533 655 1812 704 potius,quam

482 709 586 748 Viro
602 705 858 745 contrarium
879 703 1070 745 asserenti
1101 707 1152 744 est
1171 707 1421 747 credendum
1438 737 1447 747 .
1480 703 1541 746 lta
1559 707 1680 746 docet
1698 706 1807 744 Gre-

482 760 620 812 gorius
638 756 756 797 VIII.
787 762 826 795 in
844 767 920 808 cap.
941 759 1157 808 Proposuisti
1176 773 1215 808 4.
1249 763 1294 797 de
1323 763 1472 800 Probat.
1505 775 1532 796 =
1566 762 1656 797 Cum
1682 765 1807 806 parte}

487 813 599 862 effent
611 815 649 849 in
662 822 726 850 tua
738 811 839 860 praes
836 815 934 850 entia
949 812 1144 861 constitute
1160 836 1172 854 ‚
1189 812 1334 851 ‘Mulier
1343 815 1525 862 propositit
1544 813 1589 860 se
1599 824 1662 849 nec
1677 824 1697 846 a
1718 812 1813 848 Viro

493 867 673 915 cognitam
691 889 704 909 ,
730 877 795 902 nec
806 864 958 914 potuiffe
975 864 1133 912 cognosci
1150 890 1162 908 ‚
1194 868 1289 913 quod
1316 876 1392 904 tam
1411 870 1555 914 proprio
1571 862 1783 917 juramento
1800 888 1815 908 ‚

487 931 596 971 quam
611 917 807 967 testimonio
825 916 963 967 septem
979 917 1183 955 Mulierum
1191 920 1363 966 probavit
1380 945 1392 963 ‚
1424 933 1499 967 quae
1523 927 1591 967 per
1604 916 1810 964 officiium-e

490 974 644 1022 corporis
671 982 750 1008 eam
764 968 834 1019 effe
850 971 1031 1017 virginem
1055 969 1280 1020 affin-ueram
1297 996 1308 1014 ,
1340 975 1419 1009 viro
1444 980 1510 1020 per
1523 967 1811 1022 juramentum-2

478 1025 602 1075 suum*
624 1025 846 1061 contrarium
864 1021 1040 1070 afferente
1059 1045 1072 1065 ,
1103 1024 1255 1061 videtur
1281 1026 1397 1072 igitur
1422 1026 1519 1060 nobis
1539 1046 1552 1066 ,
1584 1023 1678 1071 quod
1700 1018 1813 1073 jura-

489 1085 606 1118 mento
619 1074 748 1125 puellae
766 1101 777 1121 ,
805 1075 1055 1126 &testimonio
1086 1074 1240 1115 illarum
1261 1077 1400 1126 septem
1418 1076 1624 1116 Mulierum
1642 1073 1741 1120 fiaes
1769 1071 1817 1123 est

485 1133 606 1181 potius
622 1129 827 1168 adhihenda
844 1157 854 1169 .

433 1179 750 1223 Ponderandum
769 1181 907 1232 itaque
927 1180 966 1219 in
986 1178 1093 1219 fasto
1111 1180 1164 1219 est
1180 1206 1192 1225 ‚
1225 1192 1273 1219 an
1294 1181 1468 1221 attentis
1486 1176 1813 1230 probationibus,

486 1233 765 1280 conjee‘turis‚
793 1233 1083 1276 adminiculis,
1110 1233 1420 1281 &argumentis
1450 1235 1488 1272 in
1517 1235 1607 1271 casn
1639 1241 1817 1268 concur-

486 1287 673 1327 rentibus
687 1285 824 1335 potius
842 1288 1040 1324 Vincentio
1058 1284 1159 1324 Viro
1175 1284 1398 1326 affirmanti
1417 1311 1428 1330 ‚
1460 1297 1580 1337 quam
1601 1284 1813 1322 Catharinae

485 1339 617 1381 Uxori
631 1338 800 1388 neganti
831 1337 930 1378 fides
961 1338 1008 1378 fit
1041 1339 1251 1385 praestanda
1265 1368 1274 1378 .
1305 1338 1462 1388 (Quinti
1494 1339 1596 1376 item
1626 1333 1816 1374 habenda

485 1394 564 1432 sint
576 1390 833 1431 recentiores
846 1390 936 1429 Viri
958 1390 1264 1431 declarationes
1292 1403 1370 1429 non
1391 1391 1535 1431 habitae
1554 1388 1816 1435 consumma-⁶

488 1443 617 1484 tionis
652 1442 693 1480 in
721 1443 1063 1482 retractationem
1091 1444 1416 1489 praecedentium
1435 1468 1448 1487 ,
1478 1444 1586 1483 itaut
1605 1440 1739 1481 omnis
1755 1439 1820 1477 ab⁴

485 1497 535 1537 fit
550 1495 749 1542 suspicio,
777 1494 923 1534 Virum
952 1493 1076 1532 modo
1092 1495 1489 1537 consummationem
1524 1505 1672 1543 negare
1699 1500 1818 1531 nona

488 1561 538 1590 ex
553 1546 677 1587 taedio
694 1546 782 1587 litis
800 1573 813 1592 ‚
846 1559 919 1587 nec
939 1558 985 1587 ex
1000 1544 1135 1586 amissa
1155 1547 1219 1592 spe
1240 1548 1505 1597 recuperandi
1524 1546 1704 1586 Uxorem
1719 1569 1732 1589 ,
1748 1543 1819 1582 sed

485 1603 530 1641 in
548 1599 743 1640 veritatis
760 1599 1000 1650 obsequium
1020 1624 1033 1644 ,
1067 1599 1106 1638 Sc
1123 1599 1161 1637 in
1179 1601 1533 1641 suaeconscientiae
1553 1596 1822 1638 exoneratio-

490 1665 587 1694 nem
604 1681 615 1691 .
645 1650 785 1691 Etiam
813 1651 910 1690 dum
930 1651 1126 1699 quaeritur
1155 1652 1205 1690 de
1235 1654 1505 1693 matrimonio
1525 1660 1614 1691 rato
1633 1674 1645 1695 ‚
1679 1650 1822 1690 adhoc

487 1714 538 1745 ut
554 1705 669 1757 alter·
687 1714 736 1744 ex
756 1703 1007 1752 Coniugibus
1036 1701 1323 1752 professionem
1341 1707 1536 1745 emittere
1555 1705 1692 1743 valeat
1711 1727 1725 1749 ‚
1759 1711 1825 1741 ta-

487 1758 551 1798 les
569 1753 647 1795 effe
662 1754 816 1795 debent
833 1756 1095 1803 probationes
1110 1779 1122 1798 ‚
1158 1765 1203 1795 ut
1220 1757 1353 1796 omnis
1371 1755 1585 1796 dubitandi
1605 1756 1718 1794 locus
1748 1766 1820 1792 ex-

488 1808 700 1852 cludatur,
716 1819 766 1848 ne
782 1807 883 1860 alias
899 1817 1100 1858 perpetuo
1117 1808 1324 1848 adulterio
1340 1810 1533 1861 superstes
1567 1806 1729 1852 Coniux
1760 1805 1814 1845 ad

491 1860 773 1912 aliasnuptias
789 1861 1047 1900 convolando
1066 1869 1294 1909 exponatur
1310 1890 1321 1902 .

441 1917 564 1957 Sacra
580 1913 860 1964 congregatio
888 1911 926 1951 in
950 1913 1202 1961 Neapolitana
1217 1915 1451 1954 Matrimooeit
1474 1911 1814 1961 tx.April.1761.‚

490 1968 625 2018 inqua
642 1966 760 2005 ambo
789 1965 997 2014 Coniuges
1025 1965 1181 2004 summa
1207 1977 1301 2005 cum
1332 1968 1432 2007 bona
1449 1966 1537 2013 {fide
1566 1966 1632 2004 sub
1651 1965 1819 2004 iteratis

484 2018 730 2067 juramentis
745 2017 882 2058 testati
902 2016 1065 2058 fuerant
1085 2042 1098 2063 ‚
1128 2017 1256 2058 etiam
1288 2021 1369 2068 post
1397 2019 1631 2059 bimestrem
1648 2018 1821 2056 cohabi-

485 2072 695 2112 tationem
724 2081 827 2119 opus
863 2071 1058 2110 maritale
1088 2083 1167 2110 non
1183 2072 1475 2120 compleviffe‚
1505 2083 1582 2110 nec
1611 2070 1817 2119 compleri

488 2121 663 2175 potuisse
698 2124 750 2161 ob
766 2122 1064 2171 impotentiam
1092 2122 1211 2168 Viri,
1241 2124 1365 2174 idque
1397 2125 1529 2174 ipsum
1548 2122 1822 2163 confirmave-

488 2183 582 2216 rant
602 2175 922 2224 consanguinei,
952 2174 1177 2216 familiares
1195 2202 1207 2220 ‚
1237 2189 1478 2218 communes
1497 2176 1721 2227 'genitores
1737 2203 1752 2222 ‚
1777 2187 1827 2217 ac

490 2228 666 2277 septima
683 2239 824 2266 manus
840 2253 854 2273 ‚
886 2227 1077 2275 Medici,
1109 2229 1148 2268 &
1177 2228 1372 2279 Chirurgi
1403 2230 1584 2277 inspec‘to
1619 2240 1823 2277 corpore,

492 2280 586 2320 Viri
601 2303 616 2324 ‚
646 2281 685 2322 Sc
700 2279 953 2320 obstetrices
972 2280 1150 2328 inspesta
1168 2280 1347 2321 Muliere
1363 2308 1377 2328 ,
1407 2283 1642 2333 responsum
1672 2280 1790 2322 dedit
1809 2304 1827 2327 9

491 2332 808 2374 matrimonium
850 2331 928 2374 effe
946 2341 1111 2374 tantum
1138 2341 1274 2375 ratum
1291 2358 1304 2381 ,
1330 2335 1368 2377 ὃς
1388 2336 1515 2376 licere
1530 2334 1633 2374 Viro
1660 2333 1822 2384 ingredi

494 2384 759 2435 Religionem
775 2414 787 2425 .
1303 2422 1309 2427 ,

442 2436 769 2478 Eminentiffimi
801 2436 944 2479 Patres
972 2463 987 2484 ,
1022 2451 1100 2489 qua
1132 2449 1330 2480 ornantur
1365 2439 1471 2488 juris
1502 2439 1603 2478 sacri
1642 2439 1796 2488 peritia
1811 2463 1826 2488 ‚

496 2492 535 2531 &
548 2489 712 2540 optimo
727 2501 863 2530 rerum
878 2483 1053 2537 judicio,
1071 2489 1297 2540 dignentur
1314 2493 1546 2540 responsum
1567 2492 1667 2532 dare

445 2543 745 2594 Anfitstandum
760 2568 776 2590 ,
808 2541 872 2583 vei
889 2544 1133 2584 recedendum
1149 2557 1171 2582 a
1186 2545 1310 2596 decisis
1327 2569 1342 2591 ‚
1368 2548 1408 2584 in
1423 2546 1507 2595 casu
1524 2547 1600 2590 &a

497 2634 500 2637 ’
552 2644 729 2692 Dilata,
757 2647 798 2688 &
827 2647 1133 2696 coadjuvemur
1159 2649 1423 2698 probationes
1454 2675 1468 2697 ,
1492 2651 1650 2692 servata
1682 2648 1813 2690 forma

599 2696 927 2743 Constitutionis
940 2701 1226 2744 Benedictinae
1242 2729 1253 2744 .
1700 2706 1772 2794 Μ’.
1781 2754 1829 2795 E-
