1924 2970
505 135 579 165 με»
1009 126 1046 162 8.
1071 118 1186 173 Junif
1221 131 1335 169 1771‘.
1599 165 1606 172 ι

500 186 613 216 mam
629 174 840 214 scutorum
859 186 949 217 300·
968 185 1041 222 pro
1058 175 1243 225 qualibet
1262 199 1276 218 ‚
1306 172 1512 223 propofito
1524 170 1650 212 dubio
1663 185 1691 207 =
1706 172 1832 223 Anfiz

495 230 594 267 locus
615 225 847 276 applicationi
863 252 876 271 ,
897 227 1301 277 sbusubminssratiotxi
1331 226 1574 275 subfidiorum
1586 226 1764 264 dotalium
1772 228 1832 274 sa-

498 294 588 320 vore
604 281 814 318 catharina·
829 303 843 324 ‚
861 282 1035 319 Viflm-iae
1050 306 1063 326 ‚
1094 284 1137 325 &⁶
1152 281 1343 320 Theodora
1377 280 1424 317 de
1439 280 1474 316 T
1471 279 1586 319 alonis
1602 305 1616 324 ‚
1649 282 1692 324 (ς’
1708 282 1746 317 in
1765 293 1834 329 qua

490 333 637 384 summa
655 359 668 379 ,
699 332 820 371 Sacra
839 332 1118 383 Congregatio
1136 332 1347 381 respondit
1371 332 1440 371 dic
1464 331 1649 371 1.Martii
1671 345 1785 380 1749.
1803 345 1827 366 =

497 385 748 435 Affirmattve
761 389 799 422 in
806 387 952 432 summa
957 386 1058 434 scut.
1077 400 1167 426 200.
1177 396 1242 437 pro
1259 385 1418 434 qualibet
1433 408 1447 429 ‚
1482 385 1828 436 eomprehenfissuh·

495 440 602 489 fidiis
621 439 757 489 eisdem
764 437 846 491 jam
864 441 1064 488 distributis
1087 469 1097 479 .

444 488 790 541 'Applicationem
816 492 1003 530 omnium
1015 491 1275 530 subsidiorum
1294 493 1500 532 dotalium
1516 491 1565 532 ad
1579 492 1829 532 decennium

500 543 629 593 petiit
659 555 680 582 a
715 543 969 585 Sanstiffimo
988 544 1167 584 Domino
1180 544 1326 583 Nostro
1353 546 1504 595 Angela
1530 548 1660 584 Maria
1691 546 1825 593 Giorgi

498 596 712 647 proneptis
729 596 961 645 Apollonia:
991 596 1146 636 Sororis
1164 596 1389 637 Testatoris
1403 623 1416 642 ‚
1447 608 1492 637 ut
1521 609 1742 648 congruam
1762 597 1831 634 do-

497 659 589 688 tem
616 649 720 688 scut.
742 663 858 688 2000.
876 650 944 688 fibi
960 651 1254 690 constitueret:
1284 650 1474 700 Cumque
1504 652 1622 696 hujus
1656 650 1831 700 postula-

498 701 625 741 tionis
643 702 830 751 cognitio
844 701 967 741 Sacro
982 703 1076 741 huic
1096 702 1309 742 Tribunali
1323 703 1419 742 data
1434 703 1562 742 fucrit
1579 729 1591 748 ,
1608 715 1712 742 nunc
1730 702 1825 741 ideo

497 754 549 794 de
563 766 611 793 ea
627 753 831 799 judicium
850 754 1064 795 ferendum
1086 757 1138 795 est
1159 785 1169 795 .

446 806 586 858 Inquit
601 807 755 856 Angeia
769 807 939 847 Orati-ix
955 834 968 854 ‚
995 808 1320 859 applicationem
1337 806 1610 848 Subfidlorum
1625 807 1830 846 dotalium

494 872 565 908 pro
581 871 762 909 congrua
781 859 878 900 dote
913 861 1048 901 eidem
1064 861 1324 901 tribuendam
1343 859 1420 901 csse
1440 884 1453 903 ς
1469 870 1558 901 tum
1577 872 1624 899 ex
1640 860 1832 909 praesum-

489 921 580 963 pta,
596 913 829 952 &naturali
847 914 1053 955 charitate
1072 914 1316 954 Fundatoris
1332 914 1371 952 in
1385 913 1472 952 suas
1493 913 1828 962 consanguineas,

490 975 582 1005 tum
601 977 649 1005 ex
667 964 828 1005 istarum
846 965 1021 1016 expressa
1039 967 1259 1006 vocatione
1275 993 1287 1012 ‚
1318 967 1608 1016 &praelatione
1625 991 1638 1010 ‚
1656 964 1824 1004 addita„

491 1018 620 1058 etiam
639 1018 798 1058 ratione
818 1045 832 1064 ,
861 1022 930 1058 che
943 1024 1015 1058 cosi
1036 1021 1142 1059 vuole
1157 1021 1186 1057 il
1199 1022 1336 1058 dovere
1354 1049 1363 1057 .
1397 1019 1440 1056 In
1473 1019 1511 1057 id
1530 1018 1750 1057 convenire
1767 1018 1829 1063 ju-

490 1070 650 1110 dicium
668 1070 984 1111 Eminentiffimi
1004 1073 1224 1121 Episcopi,
1252 1085 1327 1111 nec
1347 1071 1635 1111 contradicere
1651 1068 1825 1117 Capitu—

492 1123 580 1163 lum
600 1123 785 1163 Ecclefiae
801 1126 1063 1165 Cathedralis
1081 1126 1307 1166 Veliternoe
1324 1139 1338 1166 ‚·
1359 1138 1406 1164 ac
1425 1124 1592 1163 demum
1613 1123 1826 1162 innumera

492 1177 631 1225 praesto
649 1174 729 1215 effe
744 1179 930 1228 exempla
947 1178 1143 1217 fimilium
1162 1177 1489 1227 applicationum
1504 1201 1517 1221 ‚
1536 1189 1621 1228 quae
1636 1176 1719 1221 jam
1733 1173 1826 1214 aliis

493 1227 653 1268 Puellis
670 1230 982 1280 consanguineis
999 1231 1181 1280 elargita:
1199 1229 1366 1270 fuerunt
1385 1256 1394 1266 .

440 1281 737 1331 Quantitatem
766 1295 866 1322 vero
899 1296 1085 1333 congruae
1100 1283 1212 1322 dotis
1234 1284 1273 1322 in
1294 1284 1449 1322 summa
1467 1282 1675 1321 scutorum
1708 1294 1823 1320 2000.

490 1334 709 1373 taxandam
730 1334 833 1374 esse:
865 1348 989 1386 quum
1005 1349 1053 1375 ea
1081 1336 1291 1386 quantitas
1319 1348 1389 1384 pro
1405 1335 1562 1375 Puellis
1592 1345 1639 1373 ex
1672 1332 1829 1371 nobili-

487 1389 562 1426 bus
579 1413 593 1431 ‚
627 1388 665 1427 Sc
685 1385 878 1427 Patriciis
898 1388 1070 1427 familiis
1102 1388 1333 1428 Veliternis
1360 1389 1475 1433 juxta
1503 1385 1704 1426 Civitatis
1735 1398 1825 1423 mo-

488 1451 579 1478 rem
596 1439 661 1476 vix
678 1451 861 1488 congrua
882 1449 1100 1488 reputetur
1121 1469 1131 1478 .
1161 1440 1293 1478 Addit
1311 1440 1350 1478 se
1368 1439 1530 1477 unicam
1552 1439 1627 1477 effe
1658 1450 1705 1476 ex
1724 1449 1824 1476 con-

489 1489 721 1540 sanguineis
739 1491 1052 1537 proximioribus
1085 1490 1290 1530 Testatori
1321 1515 1334 1534 ‚
1369 1492 1406 1530 Sc
1425 1493 1463 1529 in
1484 1492 1675 1540 provecta
1707 1500 1829 1529 aetate

493 1554 693 1582 annorum
711 1555 774 1586 30.
791 1544 1059 1583 constitutam
1078 1544 1282 1592 reperiri,
1315 1544 1372 1583 ita
1393 1553 1436 1583 nt
1453 1544 1606 1582 nonnifi
1624 1542 1831 1591 pinguiori

489 1595 592 1634 dote
611 1606 750 1643 parem
767 1596 885 1644 poffit
903 1597 1052 1637 Virum
1069 1596 1256 1635 invenire
1274 1625 1284 1634 .
1315 1595 1495 1635 Demum
1515 1597 1657 1643 probat
1691 1596 1831 1633 suam-‚

490 1654 782 1698 paupertatem
800 1672 813 1691 ‚
834 1660 882 1687 ac
897 1648 1010 1686 omni
1027 1648 1092 1696 spe
1111 1647 1350 1691 destitutam
1368 1646 1444 1686 esse
1463 1648 1737 1698 consequendi
1758 1647 1833 1685 do-

493 1708 584 1739 tem
602 1698 754 1738 scutor.
776 1713 890 1738 2000.
921 1700 987 1738 sibi
1010 1714 1029 1738 a
1047 1699 1168 1739 Patre
1187 1699 1226 1737 in
1244 1699 1508 1739 Testamento
1525 1701 1712 1738 relic‘tam
1730 1724 1742 1743 ‚
1778 1701 1829 1737 ob

494 1750 772 1799 improvidam
794 1751 947 1790 Fratris
964 1750 1374 1797 administrationem,
1391 1754 1672 1802 bonorumque
1689 1761 1829 1801 pater-

496 1815 644 1843 norum
663 1803 964 1844 distractionem
982 1834 992 1844 .
1291 1850 1295 1853 Α

444 1850 537 1896 Nec
553 1856 709 1896 dietam
727 1855 837 1896 dotis
852 1857 1134 1908 quantitatem
1150 1857 1416 1898 minuendam
1434 1857 1511 1898 esse
1528 1885 1541 1903 ,
1571 1870 1616 1896 ex
1635 1870 1716 1908 quo
1730 1868 1821 1907 aga-

491 1922 559 1949 tur
577 1909 626 1948 de
643 1908 742 1948 dote
771 1921 816 1949 ex
829 1911 961 1959 gratia
977 1910 1187 1960 largienda
1204 1937 1217 1956 ,
1250 1913 1342 1960 quia
1359 1912 1548 1961 quamvis
1565 1911 1636 1950 dos
1668 1923 1710 1948 ex
1727 1922 1821 1960 gra-

491 1963 550 2001 tia
569 1961 766 2009 largiatur
782 1988 795 2006 ,
823 1962 1091 2002 nihilominus
1107 1963 1230 2004 debet
1246 1964 1321 2003 effe
1350 1976 1550 2012 congrua,
1585 1976 1635 2003 ne
1669 1964 1820 2002 inutile

488 2014 732 2053 beneficium
751 2015 921 2054 evadat.
957 2015 1139 2065 Inspet‘ta
1154 2016 1322 2065 proinde
1340 2017 1413 2055 suae
1430 2016 1598 2056 familia:
1616 2016 1825 2054 conditio-

492 2078 574 2110 ne,
602 2065 881 2118 Civitatisque
898 2068 966 2107 usu
982 2093 995 2113 ‚
1023 2080 1117 2107 cum
1132 2069 1202 2109 dos
1221 2070 1366 2108 saltem
1399 2069 1436 2108 in
1452 2070 1574 2110 scutis
1602 2084 1721 2109 2000.
1754 2081 1826 2107 ne-

491 2116 661 2159 ceffaria
679 2119 727 2156 fit
744 2145 757 2164 ,
786 2119 827 2158 in
847 2122 920 2159 hac
939 2119 1095 2159 idcirco
1113 2122 1349 2172 quantitate
1378 2123 1518 2161 nonsit
1544 2122 1782 2171 deneganda
1813 2149 1824 2160 .

496 2170 749 2216 Huiusmodi
780 2184 881 2210 vero
911 2173 1190 2222 quantitatem
1225 2174 1358 2225 inquit
1376 2175 1509 2214 videri
1531 2188 1608 2214 non
1630 2171 1736 2224 posse
1757 2185 1826 2212 ex—

491 2223 683 2263 ceffivam
701 2247 713 2267 ‚
743 2237 792 2263 eo
811 2225 917 2274 quod
938 2226 976 2264 in
994 2226 1143 2265 minori
1159 2228 1311 2265 summa
1330 2225 1485 2267 Puellis
1513 2225 1826 2276 consanguineis

488 2275 617 2316 fuerit
632 2276 854 2325 aliquando
867 2277 1047 2317 conceffa
1066 2303 1079 2322 ‚
1108 2291 1233 2330 quum
1249 2284 1324 2319 hac
1353 2280 1391 2318 in
1414 2292 1455 2319 re
1489 2292 1674 2320 normam
1707 2290 1820 2316 non-2

487 2330 693 2378 praebeant
708 2328 884 2368 aliarum
903 2332 1089 2381 exempla
1105 2357 1118 2376 ,
1151 2333 1378 2383 quialonge
1394 2332 1610 2372 dissimiles
1635 2333 1728 2370 sunt
1743 2331 1824 2369 cir·
1875 2333 1877 2335 ’

487 2380 770 2422 cumstantiae2·
800 2382 903 2422 licet
921 2383 1033 2421 enirn
1055 2384 1105 2422 de
1122 2396 1228 2423 anno
1250 2399 1365 2433 ¹749·
1386 2385 1423 2422 in
1443 2386 1714 2424 scut.tantu1n
1737 2399 1824 2422 200.

484 2433 581 2473 aliis
598 2433 907 2483 consanguineis
930 2434 1158 2475 Testatoris
1173 2436 1328 2476 Puellis
1346 2437 1499 2477 tributa
1520 2437 1647 2477 fuerit
1681 2463 1694 2481 ‚
1724 2435 1828 2476 nihi-

481 2486 667 2525 lominus
680 2485 997 2532 animadvertit,
1013 2497 1114 2526 tunc
1128 2489 1270 2528 dotem
1289 2503 1310 2529 a
1327 2490 1457 2529 tribus
1475 2490 1630 2530 Puellis
1644 2489 1825 2538 petitam

481 2536 659 2583 iuiffe‚&
672 2538 757 2585 jam
768 2537 918 2580 duabus
935 2540 1188 2580 aliisPuellis
1206 2542 1406 2582 alimenta
1425 2542 1712 2581 subministrari
1731 2554 1824 2579 con-

480 2589 650 2630 sueviffe
667 2620 677 2630 .
709 2590 752 2629 In
771 2594 967 2631 concursu
984 2601 1050 2631 tot
1067 2591 1301 2634 Puellarum
1319 2619 1332 2639 ‚
1360 2595 1494 2644 inquit
1515 2621 1529 2640 ‚
1561 2594 1670 2635 dieta
1704 2593 1823 2632 subfi-

479 2643 548 2682 dia
566 2642 737 2691 imparia
754 2642 870 2684 fuisse
885 2645 937 2684 ad
952 2657 1173 2695 congruam
1190 2647 1512 2697 dotemlfingulis
1531 2646 1789 2697 praestandam
1809 2659 1821 2684 ,-

479 2694 606 2736 Nunc
621 2695 721 2737 vero
735 2694 900 2744 dicit‚se
918 2699 1080 2738 unicam
1099 2697 1175 2741 effe
1192 2700 1484 2749 proximiorem
1506 2700 1709 2744 Puellam,
1730 2698 1819 2754 nul-

1710 2753 1824 2801 lique
