1924 2970
560 138 621 165 20.
638 125 787 174 Aprilis
814 137 924 173 ¹77²·
1353 132 1397 171 83

72 189 142 228 pta
176 178 433 222 petronilla,
465 178 737 226 deposuerunt
769 179 833 216 vel
864 178 914 215 de
940 176 1118 222 auditu,
1155 181 1219 219 vel
1254 192 1300 220 ex
1324 194 1399 229 pu..

30 235 35 246 ¹
75 233 180 270 blica
198 244 296 270 voce
314 257 327 276 ,
357 229 543 274 &fama,
573 229 838 268 Sacerdotem
873 229 1123 268 Michaelem
1143 255 1156 271 ..
1183 235 1391 283 postquam

75 285 219 323 eadem
237 282 389 322 Mulier
417 282 630 321 vulnerata
659 284 932 325 remanserat,
960 280 1162 330 explofiffe
1187 284 1227 322 in
1258 287 1391 335 Ange-

74 337 175 374 lum⁴
196 337 320 376 it‘tum
353 333 475 382 sclopi
501 357 514 376 ‚
553 334 660 384 quod
691 334 879 372 nonnulli
909 332 1192 378 affirmarunt,
1225 336 1378 384 duplici

76 388 248 438 igniario
264 386 375 425 fuisse
406 386 589 423 onustum
608 411 620 431 ,
650 386 808 425 scilicet
834 400 855 422 a
883 386 955 424 due
985 387 1104 423 botre.
1135 385 1397 427 Petronilla„

76 442 177 479 vero
206 439 303 488 pene
319 438 517 476 moritura
537 462 550 482 ,
576 437 872 486 depofitionem
900 439 939 477 ὃς
959 438 1039 486 ipsa
1063 439 1317 487 complevit,
1351 453 1400 480 ac

73 490 169 532 fassa
186 492 238 530 est
254 514 267 536 ‚
298 490 567 530 Sacerdotem
579 490 754 539 Jannelli
778 490 996 539 igniarium
1012 489 1138 539 fclopi
1157 517 1168 535 ‚
1192 504 1312 542 quem
1333 501 1401 531 te-

74 547 195 584 nebat
211 569 223 588 ‚
247 541 448 581 attollisle
462 568 475 587 ‚
506 543 544 582 Sc
562 545 634 581 hac
651 542 701 582 de
716 544 832 583 causa
853 542 981 591 ipsum
1006 542 1363 592 comprehendisse
1380 570 1394 589 ‚

73 608 124 635 ne
141 595 345 645 Angelum
376 593 627 635 interficeret
643 625 652 635 .
683 595 777 633 Duo
794 594 865 633 alii
885 593 1021 635 Testes
1040 607 1086 634 ex
1102 608 1174 635 ore
1205 596 1342 641 ejusde
1360 608 1401 635 m

73 646 305 688 Sacerdotis
331 646 622 688 confirmarunt
644 647 769 695 sclopi
799 647 1070 695 explosionem
1102 648 1149 687 ab
1161 661 1212 688 eo
1240 657 1392 688 contra

75 700 287 749 Angelum
309 698 558 739 commissam
581 723 594 743 ‚
624 699 726 738 licet
741 699 1004 742 conveniant,
1021 700 1124 738 nihil
1143 700 1390 740 detrimenti

75 751 235 792 dietum
253 752 457 801 Angelum
474 750 623 798 passum
637 749 752 791 fuisse
766 781 775 791 .
812 750 964 791 Verum
983 752 1180 792 Sacerdos
1208 752 1394 792 Michael

71 817 153 844 non
170 805 300 843 solum
320 805 443 854 sclopi
460 803 731 852 explosionem
749 829 765 849 ‚
794 802 861 842 sed
880 803 990 842 illius
1009 817 1170 855 quoque
1189 805 1396 844 retentio-

73 868 168 896 nem
183 858 409 895 constanter
438 857 477 894 iu
492 857 559 894 suo
575 856 795 895 constituto
813 856 1005 904 negavit.
1039 857 1222 905 Angelus
1245 866 1391 896 tamen

72 909 267 948 inventus
284 910 337 946 est
362 908 516 947 saucius
534 907 704 948 vulnere
718 932 732 951 ‚
752 919 829 947 non
848 906 1064 946 mortifero
1079 931 1093 951 ‚
1122 919 1194 946 nec
1212 910 1259 947 ab
1279 909 1398 958 igneo

73 962 340 1002 instrumento
360 984 373 1002 ‚
397 959 464 1002 sed
478 972 500 1000 a
514 961 651 1000 cultro
666 961 801 1008 potius
821 960 940 998 illato
964 973 979 999 ,-
1009 960 1048 999 &
1065 960 1251 1011 quamvis
1269 959 1395 999 Paro-

73 1014 172 1052 chus
203 1024 249 1051 ex
264 1023 336 1051 ore
353 1011 469 1061 ipsius
489 1011 641 1061 Angeli
658 1025 676 1051 a
694 1011 915 1051 Sacerdote
948 1011 1158 1051 Michaele
1183 1012 1398 1052 causatum

70 1062 188 1104 fuisse
205 1062 416 1105 asseruerit
429 1090 443 1109 ,
464 1064 733 1104 nihilominus
751 1064 822 1104 alii
840 1063 979 1104 Testes
995 1089 1008 1108 ‚
1040 1072 1112 1103 aut
1127 1064 1283 1103 nescire
1306 1076 1399 1113 pro-

71 1115 160 1157 fessi
187 1116 302 1162 sunt,
329 1124 400 1155 aut
416 1117 585 1156 omnino
601 1118 748 1156 vulnus
775 1117 1066 1159 excluserunt,
1098 1116 1226 1156 immo
1256 1127 1302 1156 ex
1335 1116 1400 1155 his

75 1169 157 1208 duo
182 1181 229 1209 ex
246 1168 404 1260 ἯώΙίεα
431 1181 532 1209 voce
557 1169 692 1210 testati
721 1170 813 1210 sunt
831 1195 843 1214 ,
876 1170 1087 1220 Angelum
1122 1167 1396 1218 semetipsum

76 1222 250 1260 vulnera
284 1234 305 1260 e
322 1249 333 1260 .

24 1273 153 1321 Hisce
169 1273 355 1313 omnibus
383 1273 604 1322 completis
632 1273 827 1314 Sacerdos
853 1274 1064 1327 inquisitus
1094 1272 1394 1314 defensionibus

73 1325 334 1366 renunciavit
351 1351 364 1370 ‚
387 1326 425 1366 Sc
443 1325 566 1366 Curia
582 1326 955 1376 Archiepiscopalis
972 1326 1219 1367 sententiam
1245 1334 1395 1376 protu-

72 1378 127 1418 lit
147 1404 160 1424 ‚
187 1377 430 1428 quadie'tum
458 1379 724 1418 Sacerdotem
747 1379 926 1429 Jannelli
955 1379 1214 1420 liberandum
1234 1403 1247 1422 ,
1277 1379 1315 1418 Sc
1334 1379 1399 1417 ab·

74 1431 316 1471 solvendum
331 1429 417 1469 fore
432 1430 659 1470 declaravit
678 1456 692 1476 ‚
722 1432 892 1478 praestita
927 1440 1066 1471 tamen
1095 1430 1402 1478 cautionelde...

76 1483 117 1522 se
148 1482 467 1530 repraesentando
497 1483 612 1520 novis
641 1483 1018 1530 supervenientibus
1047 1481 1242 1525 indiciis,
1272 1482 1312 1521 ὃς
1339 1479 1396 1519 fa-

76 1536 141 1574 sta
155 1533 406 1584 obligatione
435 1532 486 1573 de
503 1533 741 1583 peragendis
771 1533 1059 1581 Spiritualibus
1077 1533 1294 1573 Exercitiis
1325 1532 1395 1572 de-

74 1597 167 1626 cem
184 1585 341 1626 dierum
359 1585 487 1634 spatio
503 1611 516 1631 ,
546 1597 591 1624 ac
616 1584 666 1625 de
684 1597 761 1624 non
779 1584 1012 1625 deferendis
1032 1585 1158 1625 armis
1187 1587 1255 1624 sub
1283 1594 1401 1634 poena

76 1638 118 1676 in
140 1637 504 1677 constitutionibus
524 1637 793 1685 Synodalibus
819 1637 1048 1686 praescripta
1063 1666 1072 1676 .
1111 1637 1207 1687 Qo
1223 1636 1324 1677 vero
1348 1635 1400 1676 ad

75 1690 426 1739 irregularitatem
453 1691 532 1727 haec
551 1689 710 1729 addidit
738 1702 766 1724 =
796 1690 936 1728 Verum
951 1689 1108 1739 respo-Ha
1138 1690 1401 1738 irregularita-

76 1744 126 1780 τίς
148 1742 274 1789 forsan
298 1741 448 1790 incursae
478 1742 519 1778 ob
550 1741 693 1789 causam
725 1742 769 1779 ab
783 1740 858 1789 ipso
886 1742 1011 1779 datam
1037 1743 1231 1780 bomict‘dio
1260 1742 1399 1790 pradi-

74 1795 126 1832 ὲίο
142 1816 156 1836 ‚
186 1795 296 1830 adeat
324 1794 481 1831 Sacram
514 1794 832 1832 penitentiariam
851 1802 914 1843 pro
928 1793 1138 1846 Apostolica
1156 1794 1399 1844 dispensativ-

76 1860 147 1888 ne,
175 1845 238 1884 vel
253 1844 410 1894 responso
441 1846 491 1884 ad
507 1846 711 1892 cautelam,
737 1849 781 1891 ἐν
806 1847 916 1884 donec
942 1860 1010 1885 non
1043 1849 1170 1886 doceat
1197 1848 1289 1884 hanc
1313 1844 1396 1884 Cu-

74 1902 167 1937 riam
194 1900 238 1935 de
261 1898 358 1936 dieta
390 1898 649 1948 dispensacione
673 1924 686 1944 ,
715 1899 777 1937 vel
806 1898 961 1948 responso
993 1899 1204 1949 Apostolico
1234 1923 1247 1941 ‚
1296 1899 1403 1936 deri-

74 1949 287 1999 neatursub
313 1952 435 1989 eodem
458 1952 627 1989 mandato
640 1976 654 1997 ,
681 1955 720 1989 in
736 1964 802 2001 quo
817 1955 1001 1999 reperitur
1019 1977 1032 1997 ,
1063 1951 1156 2002 &se
1169 1951 1350 2002 abstineat
1385 1962 1407 1989 a

76 2002 314 2042 celebratione
326 2002 525 2052 Miffaesub
534 2013 637 2052 pena
647 2002 1081 2053 perpetuaesuspensionir.

29 2053 378 2105 Supplexidcirco
392 2054 559 2095 Sacram
586 2058 689 2095 hanc
712 2054 1092 2106 congregationem
1124 2055 1229 2097 adiit
1260 2055 1404 2095 Sacer-

77 2107 148 2147 dos
168 2105 326 2146 Orator
339 2120 353 2147 ‚·
381 2108 448 2158 qui
468 2116 582 2147 totus
597 2108 719 2148 modo
735 2110 776 2147 in
794 2120 843 2147 eo
861 2109 916 2147 est
933 2131 948 2151 s
977 2116 1023 2147 ut
1044 2109 1403 2159 irregularitatem

78 2158 269 2199 excludat
284 2188 294 2197 .
326 2159 525 2208 Expendit
542 2161 653 2199 enim
680 2168 843 2200 textum
859 2159 900 2199 in
926 2163 964 2198 in
975 2170 1050 2210 cap.
1080 2164 1142 2200 De
1160 2171 1285 2199 cetero
1300 2161 1383 2200 de„

78 2213 243 2250 homicid.
262 2211 404 2252 volunt.
422 2237 435 2256 ,
456 2213 518 2251 vel
530 2213 666 2261 casual.
686 2212 724 2252 in
741 2225 821 2264 quo
852 2211 1041 2252 statuitur
1059 2237 1073 2258 ‚
1107 2212 1387 2257 Diaconum-0,

78 2263 148 2314 qui
174 2263 400 2303 homicidio
423 2265 587 2304 causam
601 2261 753 2304 dedisse
770 2263 936 2304 videtur
954 2288 967 2309 ‚
986 2275 1064 2304 non
1081 2262 1165 2304 esse
1179 2264 1230 2304 ad
1248 2263 1393 2303 Sacer·

79 2315 236 2365 dotium
265 2316 589 2365 promovendum
607 2342 620 2362 ,
650 2316 775 2366 idque
791 2316 930 2355 locum
964 2316 1261 2356 tantummodo
1278 2315 1408 2355 habe-¹

83 2378 123 2405 re
153 2368 210 2406 ait
238 2367 280 2406 in
305 2369 395 2411 casu
424 2392 438 2413 ‚
477 2382 557 2420 quo
587 2368 675 2419 quis
715 2368 943 2417 proximam
959 2367 1086 2408 morti
1105 2370 1269 2409 causam
1301 2378 1406 2415 prae-

80 2417 197 2462 buit,
229 2419 393 2461 scilicet
419 2421 586 2461 consilio
605 2446 618 2467 ,
647 2429 880 2471 praecepto‚
910 2421 977 2460 vel
1007 2433 1085 2471 ope
1102 2445 1116 2466 ‚
1148 2429 1194 2460 ut
1223 2416 1403 2467 exgloffiz

81 2468 247 2522 ‘jusdem
270 2481 344 2521 cal>-
359 2496 372 2516 s
405 2473 444 2514 8<
463 2474 642 2524 explicat
671 2474 834 2522 Fagnan.
849 2476 888 2510 in
912 2482 1094 2511 comment.
1124 2473 1174 2509 ad
1189 2473 1288 2508 idem
1305 2479 1389 2519 cap.

78 2534 217 2578 νικῴη.
232 2550 244 2568 ‚
274 2523 447 2574 Nullam
467 2535 608 2566 autem
626 2524 836 2569 ,sustinet,
853 2523 993 2564 datam
1017 2536 1039 2562 a
1053 2523 1092 2562 se
1119 2519 1236 2563 fuisse
1256 2521 1396 2560 homi-

76 2573 191 2613 cidio
224 2575 410 2620 causam,
438 2590 532 2617 cum
559 2578 753 2617 nonnulla
776 2584 941 2617 tantum
971 2575 1092 2616 verba
1123 2574 1164 2613 in
1190 2573 1405 2624 Angelum

74 2624 300 2675 protulerit
316 2652 330 2672 ‚
359 2640 444 2678 quae
472 2631 545 2670 etsi
569 2630 710 2680 gravia
729 2628 915 2672 fuerint,
945 2626 1213 2671 nihilominus
1235 2625 1407 2665 illatam

73 2688 222 2718 necem
241 2690 317 2717 non
345 2678 584 2722 immediate
602 2705 615 2725 ‚
647 2682 715 2722 sed
735 2680 941 2727 fortuito,
969 2680 1008 2721 &
1027 2690 1096 2730 per
1112 2677 1303 2721 accidens
1315 2679 1401 2717 res·-

189 2729 284 2769 Yom.
303 2731 382 2769 XL.
818 2731 849 2770 L
880 2743 900 2767 2
1339 2740 1407 2778 pe-
