1924 2970
565 114 620 148 '19-
653 100 858 139 Decembris
880 109 990 145 1772.
1427 111 1500 145 235

183 152 357 190 saevisse
386 148 635 202 quicumque
655 155 792 201 vigore
812 151 994 196 Indum,
1026 151 1104 189 sive
1123 156 1170 190 ut
1187 150 1322 191 studiis
1342 151 1503 192 incum-

186 204 299 242 beret
320 228 332 247 ‚
354 204 433 243 sive
452 216 497 243 ex
515 206 593 243 alia
613 206 792 247 qualibet
811 205 971 243 honesta
988 203 1104 242 causa
1118 214 1140 242 a
1159 203 1293 243 Choro
1309 206 1498 247 abiuerit.

186 254 488 307 Perperamque
515 258 638 303 obiici
668 257 968 304 dispositionem
1013 255 1192 296 Concilii
1233 256 1501 303 Tridentini,

195 320 287 346 cum
318 309 452 357 quoad
472 309 693 348 Ecclesiam
723 309 880 348 Montis
898 307 1041 347 Falisci
1075 308 1272 356 synodali
1304 310 1393 358 lege
1409 321 1501 351 cau·

191 367 278 398 turn
297 360 339 398 sn
359 386 372 405 ‚
402 370 446 400 ut
467 361 680 401 servitium
699 360 868 400 alternis
899 359 1160 400 hebdomadis
1187 360 1394 400 dividatur
1410 390 1422 402 .

137 411 313 450 Minime
333 417 432 452 vero
459 414 645 461 prodesse
680 413 850 452 aliarum
871 412 1135 454 Ecclesiarum
1164 415 1374 459 exempla,
1404 415 1499 463 quia

187 476 425 514 unaqueque
447 466 622 505 Ecclesia
645 465 816 516 propriis
833 474 988 513 regitur
1018 463 1288 512 peculiaribus
1306 465 1499 510 statutis,

189 529 272 565 qua·
297 517 717 568 universalemlegern
749 529 826 556 non
840 516 1112 556 constituunt.
1137 516 1199 556 Ac
1213 515 1380 556 demum
1409 528 1500 562 per-

191 579 328 615 peram
348 566 527 618 opponi,
560 570 665 620 quod
685 570 814 609 inanis
833 568 1073 609 redderetur
1090 570 1260 608 obtenta
1286 567 1458 607 facultas
1486 593 1502 614 ,

187 621 215 658 fi
243 620 469 660 Canonicus
500 622 680 671 Jacopini
712 621 962 671 punt‘taturis
1000 621 1294 666 subiiceretur:
1325 620 1500 669 Respon-

189 673 288 712 dent
307 673 434 718 euim,
454 686 522 722 per
540 675 746 715 indultum
762 673 965 722 provisum
990 672 1111 712 fuisse
1126 699 1138 718 ‚
1173 681 1217 712 ut
1233 671 1340 712 idem
1367 672 1502 711 Cano-

188 724 304 763 nicus
321 734 412 765 tuta
433 727 681 766 conscientia
697 728 744 765 ab
772 725 955 764 Ecclefiae
973 726 1142 769 servitio
1173 737 1319 765 vacare
1339 724 1466 774 posset
1483 753 1495 765 .

131 775 232 817 Hoec
252 778 370 823 sunt,
401 791 486 827 quae
506 788 593 818 tum
627 780 664 817 in
691 778 859 827 supplici
877 777 1052 817 libelloa
1070 777 1279 817 Canonico
1308 777 1495 827 jacopini

184 830 350 876 oblato,
377 839 466 871 tum
482 832 521 871 in
541 830 650 870 foliis
684 843 753 879 pro
770 839 884 879 parte
896 830 1076 879 Capituli
1094 831 1140 869 ab
1157 828 1351 878 Episcopo
1367 828 1497 868 trans·

184 881 309 920 miffis
327 908 339 927 ‚
375 884 635 923 recensentur
649 912 659 921 .
691 883 910 931 Episcopus
928 884 1026 922 vero
1054 883 1107 924 de
1123 883 1223 922 statu
1240 881 1463 931 quaestionis
1477 907 1492 926 ,

185 945 229 972 ac
247 934 374 972 desua
403 934 614 973 Sententia
637 935 846 982 requisitus
863 958 876 978 ‚
905 934 1048 980 refert,
1070 934 1335 974 Punc‘taturas
1369 935 1497 971 haberi

123 1003 126 1006 ·
184 985 257 1022 loco
271 985 562 1033 distributionum
575 987 864 1036 quotidianarum
880 1011 892 1030 ‚
918 1001 993 1034 quae
1008 986 1115 1024 nullae
1141 988 1285 1037 quidem
1310 989 1348 1024 in
1369 987 1496 1025 eadem

181 1036 338 1085 Ecclefia
346 1037 439 1084 sunt
454 1064 466 1083 ‚
496 1053 576 1077 cum
589 1041 697 1076 omnis
729 1040 869 1077 reditus
882 1041 1019 1086 partim
1032 1039 1302 1087 infingularum
1321 1038 1493 1075 Prehen-

182 1089 495 1136 darumfrufiibus
511 1091 668 1140 consistat
681 1112 694 1133 ‚
728 1093 770 1133 ὠ·
780 1093 914 1140 partim
929 1093 967 1126 in
981 1093 1026 1127 iir
1043 1115 1056 1133 ‚
1083 1091 1144 1139 qui
1163 1091 1208 1127 de
1224 1088 1343 1137 Miffit
1368 1088 1491 1138 groffae

174 1140 294 1188 solent
309 1142 481 1190 appellari
495 1173 504 1182 .
521 1146 635 1182 Hanc
648 1144 688 1179 ob
706 1156 780 1180 rem
797 1145 858 1192 qui
867 1145 1064 1191 praeteritis
1080 1143 1292 1190 temporibus
1308 1142 1417 1180 Chori
1431 1146 1493 1179 in-

182 1192 394 1240 tereffentiae
408 1196 559 1245 obstrifi‘i
584 1197 626 1233 ab
653 1195 718 1243 {ssa
745 1197 787 1234 S.
808 1195 1084 1243 Congregatione
1097 1194 1281 1231 licentiam
1313 1195 1356 1229 ab
1377 1197 1485 1230 entire

180 1248 230 1281 ad
244 1255 377 1294 tempus
387 1251 571 1296 petierunt
583 1271 596 1291 ‚
625 1260 772 1296 eamque
779 1246 850 1294 sub
867 1247 1029 1293 consueta
1041 1247 1242 1287 conditione
1260 1243 1407 1284 amiffis
1423 1244 1489 1282 di·'

178 1298 479 1337 stributionibus
497 1299 746 1350 quotidianis
771 1302 1013 1348 impetrarunt
1025 1321 1038 1340 ‚
1062 1311 1130 1338 non
1146 1297 1216 1335 alio
1249 1299 1349 1337 modo
1366 1297 1489 1334 obten-

182 1359 224 1387 ta
232 1350 412 1397 facultate
423 1353 474 1400 usi
480 1353 598 1401 sunt,
624 1365 728 1402 quam
745 1351 826 1399 sese
864 1351 1098 1389 Punffaturis
1117 1347 1348 1402 subijciendo
1364 1375 1378 1393 ‚
1408 1357 1496 1404 quas:

180 1403 238 1438 ita
251 1403 502 1451 persolverunt
516 1430 529 1449 ‚
559 1415 600 1442 ut
627 1402 732 1442 nulla
747 1406 841 1442 raeio
862 1428 874 1448 ,
910 1416 974 1441 nec
991 1404 1198 1440 condonatio
1224 1405 1274 1440 eis
1291 1400 1498 1451 suff'rlgart

178 1459 362 1504 potuerim
394 1457 449 1494 Ex
464 1458 526 1495 his
545 1455 671 1495 infert
688 1481 702 1500 ,
733 1457 827 1506 quod
843 1469 922 1494 cum
949 1469 971 1492 a
987 1457 1159 1492 canonico
1175 1453 1348 1503 Jacopim‘
1361 1453 1410 1502 fit
1437 1453 1494 1490 ob-

184 1517 285 1545 tenta
302 1509 477 1553 licentia,
504 1510 548 1546 de
563 1518 631 1558 qua
646 1511 768 1557 agitur
783 1534 796 1554 ,
815 1508 886 1557 sub
919 1509 1119 1548 conditione
1144 1505 1294 1544 amiffis
1314 1504 1495 1543 distribu-

180 1560 364 1598 tionibus
396 1560 673 1610 quotidianis,
706 1575 771 1599 non
802 1561 928 1598 debeat
953 1572 974 1600 a
1002 1559 1225 1609 punflaturis
1243 1561 1387 1602 eximi,
1411 1567 1494 1595 tan-

183 1625 290 1661 quam
313 1613 387 1649 illis
403 1639 415 1657 ‚
449 1627 524 1663 quae
550 1614 840 1664 distributionum
872 1613 944 1650 loco
965 1622 1028 1661 pro
1045 1611 1179 1662 vetusto
1203 1608 1311 1662 hujus
1324 1607 1492 1659 Ecclestae

185 1663 421 1702 cathedralis
433 1666 499 1714 usu
513 1692 525 1710 ‚
560 1665 971 1715 &praxiſsucceſjerunt
987 1693 997 1705 .

129 1712 178 1762 In
194 1716 288 1754 aliis
316 1719 417 1755 vero
446 1718 909 1766 posterioribuslitteris
927 1743 940 1763 ‚
968 1718 1110 1768 quibus
1142 1717 1178 1757 S.
1200 1714 1498 1766 congregatio-

183 1780 278 1808 nem
293 1770 514 1809 certiorem
540 1770 672 1810 reddit
691 1771 739 1810 de
759 1771 1023 1819 praefinitione
1050 1769 1218 1810 termini
1248 1770 1398 1814 adjura
1427 1767 1498 1806 de·-

182 1820 416 1860 ducendum
434 1821 539 1861 fasta
553 1823 762 1862 Canonico
777 1823 959 1872 Jacopini
976 1848 988 1867 ,
1014 1822 1132 1862 enixe
1155 1821 1400 1870 deprecatur
1413 1844 1427 1864 ,
1455 1827 1499 1856 ut

180 1873 387 1926 hujusmodi
416 1877 651 1925 controversia
669 1901 682 1921 ,
714 1877 925 1926 quaesaepius
940 1878 1132 1924 praeteritis
1160 1874 1376 1923 temporibus
1393 1873 1498 1909 exci-

183 1928 348 1973 tarasuit
364 1953 377 1972 ‚
405 1930 597 1965 decidatur
612 1954 624 1973 ‚
645 1938 754 1977 prout
765 1930 1028 1977 Sapientifflmis
1045 1928 1216 1966 Patribus
1235 1939 1372 1976 aequum
1386 1923 1498 1962 vide-

181 1979 282 2016 bitur
298 2005 311 2023 ,
337 1993 380 2017 ne
395 1985 495 2017 novis
512 1981 725 2028 inposterum
743 1982 851 2019 detur
866 1981 993 2029 occafio
1009 1981 1135 2018 litibus
1152 2008 1162 2018 .
1479 2026 1500 2030 Ἀ

133 2026 193 2069 Ut
209 2031 473 2068 Ecclefiarum
492 2030 664 2069 Ministri
692 2032 931 2080 diligentius
944 2029 1071 2067 Chori
1087 2028 1256 2067 servitio
1287 2026 1501 2066 incumbe-

180 2088 274 2118 rent
302 2104 316 2124 ,
346 2081 581 2119 Concilium
610 2081 902 2120 Tridentinum
925 2080 1014 2128 sest:
1048 2093 1110 2118 21.
1139 2088 1269 2127 cap.3.
1302 2080 1348 2114 de
1376 2078 1499 2125 Rifhr-

179 2142 271 2171 mat.
287 2136 367 2170 haec
385 2133 521 2171 statuit
547 2146 574 2167 =
603 2131 645 2168 ln
660 2131 822 2179 Ecclefiis
835 2141 910 2168 tam
940 2130 1217 2168 Cathedralibus
1235 2153 1249 2174 ‚
1280 2136 1385 2178 quam
1412 2129 1497 2166 Col-

179 2184 326 2233 legiatis
343 2207 356 2226 ,
388 2187 427 2221 in
455 2185 581 2234 quibus
608 2183 716 2221 nullae
737 2184 827 2231 sunt
857 2183 1124 2231 distributiones
1157 2182 1402 2232 quotidianae,
1431 2178 1493 2219 vel

180 2240 236 2275 δια
253 2248 372 2274 tenues
394 2262 408 2281 ,
435 2247 476 2274 ut
502 2236 749 2284 verosimiliter
771 2236 1000 2284 negligantur
1027 2258 1040 2279 ‚
1067 2237 1218 2272 tertiam
1244 2243 1386 2284 partem
1407 2234 1499 2282 sru-

181 2290 300 2326 fluum
315 2314 327 2332 ‚
357 2293 399 2333 &⁴
426 2301 725 2339 quorumcumque
746 2297 986 2337 proventuum
1018 2312 1032 2331 ‚
1069 2289 1112 2332 ὠ·
1141 2288 1391 2326 obventionum
1421 2292 1496 2324 tam

180 2341 419 2389 Digritatum
438 2366 451 2385 ‚
479 2354 585 2392 quam
601 2343 882 2380 canonicatuum
896 2364 910 2384 ‚
941 2340 1203 2389 Personatuum
1221 2365 1234 2385 ,
1265 2339 1496 2383 portionum,

180 2394 618 2444 &Offictorumfi’parari
644 2395 774 2432 debere
790 2418 803 2437 ‚
832 2397 874 2438 (9⁴
898 2395 940 2429 in
966 2393 1230 2443 distributiones
1265 2394 1497 2441 quotidianas

180 2450 372 2490 converti,
405 2460 480 2497 qnae
497 2452 592 2486 inter
621 2449 828 2496 Dignitates
859 2447 1055 2484 obtinentes
1072 2469 1085 2488 ,
1118 2448 1160 2492 ὠ·
1179 2446 1317 2484 caeterir
1351 2445 1496 2483 divinis

178 2497 420 2543 intereffentes
439 2525 451 2544 ‚
472 2498 825 2550 proportionabiliter
853 2528 863 2539 .
885 2528 894 2538 .
914 2528 924 2538 .
954 2496 1176 2536 dividantur
1201 2526 1212 2538 .
1245 2494 1495 2543 Huiusmodi

182 2556 320 2586 autem
339 2550 505 2591 decreto
519 2553 663 2592 Sanc-‘ta
680 2551 864 2600 Synodus
882 2562 961 2589 non
977 2550 1217 2589 immutavit
1235 2549 1401 2588 illarum
1419 2547 1497 2587 Ec-

180 2600 389 2639 clefiarum
407 2605 745 2644 consuetudinem
763 2629 776 2648 ‚
802 2608 840 2642 in
856 2606 982 2654 quibus
1001 2617 1068 2643 non
1097 2603 1290 2652 restdentes
1308 2627 1321 2648 ‚
1340 2602 1410 2649 seu
1425 2609 1493 2638 non

191 2652 428 2708 “nsefflientes
440 2680 452 2699 ‚
481 2658 576 2694 nihii
585 2683 598 2702 ‚
631 2659 693 2696 vel
706 2661 820 2695 minus
835 2661 946 2695 tertia
958 2666 1062 2707 parte
1075 2659 1285 2705 percipiunt
1299 2682 1309 2692 .
1465 2702 1472 2708 .

130 2704 247 2750 ,ῌὶυς
267 2717 304 2742 iu
321 2717 434 2745 more
449 2709 621 2753 pofitum
638 2711 705 2757 est,
726 2719 771 2750 ut
789 2711 951 2761 quoties
969 2708 1178 2751 indultum
1195 2703 1402 2748 abesse-ndi
1420 2702 1497 2741 ah-

293 2757 491 2799 Tom.KLJ.
930 2762 965 2801 G
982 2774 1007 2812 g
1038 2775 1056 2799 2
1425 2756 1493 2794 cui
