1924 2970
508 99 557 132 70
887 127 890 129 ,
1013 99 1077 133 14.
1094 87 1232 124 Martii
1253 96 1368 132 1772.

455 136 506 177 Et
519 139 706 189 quamvis
720 136 987 180 renunciatio
1020 149 1042 176 a
1058 137 1380 179 Conservatorio
1395 145 1611 186 acceptata
1641 151 1720 180 non
1749 142 1845 180 fue-

502 201 558 230 rit
573 217 585 236 ,
602 188 797 231 sufficere
814 190 1087 230 nihilominus
1105 200 1222 239 putat
1241 192 1371 231 Annae
1391 189 1625 231 Catharinae
1660 194 1838 233 ratihabi

503 244 662 283 tionem
681 244 811 285 etiam
827 242 1136 283 Conservatorii
1152 244 1320 283 nomine
1337 241 1493 282 factam
1507 267 1521 288 ‚
1536 255 1632 283 cum
1648 257 1724 284 non
1744 259 1841 296 aga-

504 306 572 337 tur
587 297 636 336 de
652 296 965 335 renunciatione
983 296 1151 335 onerosa
1173 322 1186 341 ‚
1218 296 1314 346 quia
1343 296 1447 335 licet
1481 296 1712 337 iniunctum
1729 298 1841 337 Con-

506 349 734 389 servatorio
752 348 880 388 fuerit
894 359 995 387 onus
1014 349 1310 389 manutenendi
1325 349 1422 389 duas
1448 349 1652 399 Magistras
1687 350 1780 388 Pias
1799 351 1841 390 in

507 401 639 442 Terra
658 400 788 441 Acuti
807 427 820 446 ,
835 400 1020 441 observat
1038 411 1176 440 tamen
1205 413 1308 441 onus
1324 402 1557 448 hujusmodi
1586 401 1701 442 fuisse
1720 415 1840 442 cocr-

505 456 640 496 citum
656 453 704 492 ad
721 453 856 492 casum
873 478 886 498 ‚
904 466 984 503 quo
998 453 1104 493 vires
1125 455 1397 496 haereditariae
1417 456 1682 505 suppeterent
1694 481 1707 501 ,
1724 467 1836 495 cum-

506 521 585 563 que
602 508 776 555 impares
792 515 1015 553 compertae
1032 506 1107 546 fint
1122 532 1135 552 ,
1151 505 1449 551 affirmat,onus
1465 506 1667 548 evanuiffe
1683 534 1697 554 ‚
1717 510 1756 548 δε
1775 519 1839 548 rc-

506 559 817 600 nnnciationem
833 556 948 597 fuiffe
963 559 1184 600 resolutam
1203 559 1243 597 in
1261 560 1534 601 donationem
1564 562 1836 608 lucrativam,

507 615 621 659 cujus
641 611 772 652 titulo
786 613 890 651 bona
908 610 957 651 ad
976 611 1338 652 Conservatorium
1354 612 1508 652 deferri
1524 612 1748 654 debuiffent
1762 644 1774 653 ,

456 666 583 715 Qiod
600 664 754 706 attinet
772 664 822 702 ad
840 663 917 705 111.
938 663 1122 711 dubium,
1141 666 1273 716 inquit
1294 666 1538 707 Dominicus
1553 665 1738 710 Serafini,
1755 666 1839 705 uti·

510 721 593 759 lem
608 716 928 757 Conservatorio
943 714 1057 756 fuisse
1089 718 1407 758 transactionem
1421 745 1433 763 ,
1450 730 1543 757 cum
1559 719 1840 758 obtestamen-

510 773 542 811 ti
559 770 754 809 nullitate
775 771 936 809 nullum
956 769 1090 809 eidem
1108 771 1428 813 Conservatorio
1445 773 1719 810 obventurum
1735 770 1837 810 effer:

508 822 802 871 compendium
823 834 868 861 ex
888 823 1125 866 haereditate
1153 823 1261 863 Rosae
1278 824 1522 873 Augustini,
1556 824 1593 863 Sc
1622 824 1839 862 nihilomi-

508 889 581 916 nus
598 876 841 918 Dominicus
873 875 1009 915 eidem
1037 877 1196 916 solvere
1229 878 1412 926 promitit
1458 877 1574 915 scuta
1596 889 1684 922 170.
1711 886 1837 927 atque

510 931 638 970 etiam
657 928 751 980 quia
766 929 792 966 fi
814 928 919 967 ratio
938 929 1136 967 habeatur
1155 929 1205 968 de
1223 939 1312 968 tota
1332 929 1574 970 hereditate
1588 955 1601 974 ‚
1632 943 1719 980 quae
1752 929 1839 969 scu·-

509 992 552 1022 ta
576 986 668 1030 436.
684 992 761 1020 non
775 980 941 1020 excedit
954 1005 967 1024 ‚
983 982 1140 1030 patebit
1156 982 1253 1032 quid
1273 983 1493 1022 minimum
1522 993 1543 1019 a
1559 981 1838 1021 Conservato-

511 1037 572 1075 rio
587 1032 703 1075 fuiffc
720 1033 999 1078 condonatum
1016 1063 1026 1072 .
1042 1034 1242 1079 Addit‚ex
1257 1035 1400 1076 eadem
1431 1034 1671 1074 haereditate
1703 1034 1839 1072 detra-

511 1088 687 1129 hendam
705 1084 783 1126 esse
801 1086 1034 1135 legitimam
1050 1088 1095 1125 ab
1116 1087 1233 1126 Anna
1249 1087 1474 1126 Catharina
1502 1086 1740 1137 acquisitam
1772 1087 1837 1126 su-

511 1154 582 1191 per
599 1139 712 1179 bonis
728 1138 928 1177 maternis
941 1139 992 1176 ob
1010 1151 1086 1177 non
1103 1140 1304 1179 servatam
1322 1141 1360 1178 in
1377 1138 1640 1179 Testamento
1654 1141 1838 1179 canthe-

511 1196 593 1234 lam
614 1191 776 1234 Soccini
792 1205 807 1231 ,-
824 1190 914 1229 Nec
935 1192 1012 1229 non
1031 1191 1381 1233 Trebellianicam
1410 1192 1540 1240 primo
1569 1193 1716 1230 hai-edi
1744 1204 1837 1241 gra-

513 1255 612 1286 vato
630 1246 746 1295 super
763 1242 1072 1283 fideicommisso
1089 1243 1267 1285 debitam
1287 1246 1358 1294 leg.
1372 1245 1444 1294 qul
1457 1256 1605 1283 mortem
1622 1246 1749 1283 cod.de
1767 1243 1841 1281 Fi·

513 1302 664 1338 deicom.
681 1308 767 1348 quae
787 1296 924 1335 omnia
939 1309 1010 1345 per
1034 1297 1194 1336 obitum
1211 1299 1334 1337 Annoe
1349 1297 1582 1337 Catharinae
1613 1296 1652 1334 in
1683 1305 1834 1336 aetate-2

516 1361 715 1394 annorum
740 1353 799 1389 18.
818 1349 858 1388 in
876 1348 1005 1397 ipsum
1018 1350 1217 1390 translata
1237 1349 1354 1390 fuisse
1370 1349 1587 1390 contendit
1603 1378 1612 1388 .
1630 1348 1722 1388 Nec
1743 1347 1843 1388 Tre-

515 1403 745 1445 bellianicae
762 1400 1063 1442 detractionem
1079 1402 1289 1451 praepediri
1319 1403 1422 1454 poffc
1450 1415 1497 1443 ex
1527 1403 1839 1442 substitution&

519 1457 641 1497 causa:
658 1455 732 1505 piae
749 1468 763 1495 ,-
783 1455 1000 1504 respondet
1016 1456 1126 1495 enim
1141 1457 1397 1500 substitutum
1415 1457 1547 1505 primo
1570 1457 1663 1494 loco
1693 1453 1839 1495 fuisse)
1875 1478 1884 1500 ,·

519 1518 761 1551 extraneum
778 1506 1079 1557 Praesbyterum
1092 1525 1108 1553 ,-
1120 1519 1242 1561 atque
1259 1511 1432 1552 ulterius
1444 1508 1846 1556 advertit‚Gape11a-

517 1564 592 1604 niae
611 1563 865 1602 cremonem
879 1560 995 1601 fuiffe
1010 1562 1300 1605 demandatam
1316 1565 1354 1603 in
1373 1564 1463 1603 casu
1480 1589 1493 1608 ,
1523 1575 1604 1613 quo
1617 1564 1740 1600 haeres
1755 1560 1846 1600 sub-

517 1619 680 1657 stitutus
691 1614 748 1655 ‘de
765 1616 878 1654 bonis
895 1616 1162 1657 haereditariis
1179 1631 1257 1656 non
1270 1614 1519 1666 disposuiffet
1537 1644 1548 1654 .

466 1666 619 1719 Neque
637 1681 659 1707 a
678 1668 900 1708 Sacerdote
920 1667 1143 1710 Dominico
1160 1670 1329 1711 Nicolai
1347 1697 1359 1716 ‚
1380 1682 1520 1720 *neque
1535 1682 1555 1707 a
1571 1667 1846 1710 Conservato-

520 1721 582 1763 rio
598 1721 819 1770 quidquam
841 1721 1037 1762 hactenus
1056 1722 1278 1764 deductum
1292 1725 1346 1763 est
1361 1747 1374 1767 ,
1389 1723 1489 1762 licet
1505 1721 1654 1760 moniti
1672 1719 1844 1767 fuerint,

519 1783 646 1824 atque
665 1773 922 1822 interpellati
940 1803 950 1812 .
972 1775 1190 1826 Episcopus
1206 1775 1527 1817 Conservatorio
1557 1774 1708 1820 utilem
1725 1780 1844 1822 pue-at

522 1824 863 1871 transactionem,
896 1834 985 1865 tum
1014 1830 1065 1868 ob
1092 1829 1350 1869 dubietatem
1368 1828 1481 1867 illius
1509 1827 1664 1873 jurium
1687 1825 1842 1864 innixo*

521 1892 611 1918 rum
641 1878 810 1919 ceffioni
836 1878 949 1918 faerae
965 1893 987 1919 a
1005 1881 1230 1922 Sacerdote
1249 1882 1416 1921 Nicolai
1438 1906 1449 1926 ‚
1476 1881 1591 1925 cujus
1622 1877 1843 1916 haeredita-

521 1932 624 1971 riam
654 1931 904 1982 qualitatem
935 1933 1117 1981 respectu
1149 1934 1258 1974 Rosae
1289 1933 1524 1973 Testatricis
1543 1931 1840 1978 multipliciter

523 1984 758 2024 involutam
776 1984 939 2027 asierit2·
968 1996 1058 2027 tum
1087 1986 1214 2027 etiam
1242 1987 1292 2025 ab
1306 1985 1558 2025 tenuitatem
1584 1982 1841 2027 haereditatis

519 2035 698 2083 ejusdem
715 2061 730 2082 ‚
759 2049 879 2087 quam
908 2049 955 2079 ex
974 2039 1178 2078 relatione
1196 2038 1427 2078 Peritorum
1461 2044 1718 2084 compertam
1733 2034 1845 2076 affir—

512 2089 686 2134 mat,vix
703 2090 920 2132 ascendere
938 2092 986 2131 ad
1005 2091 1117 2131 scuta
1133 2095 1225 2140 436.
1239 2102 1499 2140 05.‚q›uornm
1513 2088 1729 2138 partemin
1746 2089 1836 2129 scu-

509 2143 564 2182 tis
583 2152 669 2188 170.
693 2142 1058 2182 Conservatorium
1091 2144 1294 2194 acquirit.
1372 2152 1375 2154 ·
1668 2169 1673 2186 ;

462 2199 527 2239 De
548 2194 822 2234 Testamentis
836 2193 954 2235 factis
984 2208 1055 2246 per
1071 2197 1318 2236 relationem
1345 2194 1396 2236 ad
1421 2194 1666 2234 Schedulam
1685 2219 1700 2239 ‚
1716 2203 1840 2244 atque

511 2247 782 2287 interliberos
799 2273 812 2293 ,
842 2250 880 2289 διε
898 2247 1040 2289 favore
1054 2247 1192 2288 Causae
1211 2250 1284 2299 Ρίς
1301 2248 1420 2288 fufius
1435 2248 1572 2287 astum
1590 2249 1643 2286 est
1670 2248 1715 2286 in
1725 2246 1839 2290 foliis

511 2300 624 2341 istius
653 2299 790 2340 Causae
819 2302 981 2341 dierum
1008 2315 1050 2349 9.
1079 2301 1188 2352 Junii
1210 2306 1322 2350 1768.
1358 2318 1417 2341 10.
1451 2299 1658 2340 Februarii
1695 2313 1807 2347 ¹770·
1821 2325 1838 2345 ‚

511 2355 550 2393 &
568 2366 587 2397 3
600 2367 631 2392 ι.
649 2353 818 2403 Augusti
834 2355 931 2394 anni
948 2355 1175 2405 elapfi2quae
1193 2364 1385 2406 rogantur
1404 2355 1494 2394 Exin
1512 2351 1591 2392 PP.
1605 2354 1838 2403 opportuu'e

512 2406 637 2446 modo
654 2407 859 2447 resumere
873 2437 884 2447 .

457 2459 584 2508 Super
601 2460 915 2500 renunciatione
945 2473 966 2500 a
1000 2461 1225 2501 Sacerdote
1239 2461 1408 2500 Nicolai
1436 2471 1543 2498 anno
1565 2471 1681 2506 1759.
1697 2458 1842 2506 exple-

508 2521 550 2551 ta
570 2512 906 2553 animadvertere
923 2515 1106 2563 praestat,
1137 2515 1243 2564 quod
1260 2514 1363 2553 licet
1387 2511 1743 2551 fideicommiflum
1772 2512 1841 2550 sub

506 2564 749 2604 conditione
765 2567 890 2611 ‚VS-:jn
907 2568 1020 2606 diem
1036 2567 1342 2611 relic‘tumflmte
1370 2564 1638 2604 Conditionis
1664 2565 1836 2603 existen-

505 2616 607 2655 tiam
624 2618 716 2656 cedi
732 2630 811 2658 non
829 2618 946 2666 poffit
965 2631 985 2658 a
1003 2619 1226 2658 Substituto
1240 2646 1249 2656 .
1269 2619 1338 2667 leg.
1357 2620 1406 2659 Si*
1421 2622 1474 2656 ita
1483 2618 1664 2667 scriptum
1679 2626 1718 2660 s.
1739 2630 1771 2655 1.
1784 2614 1830 2664 ff:

504 2671 551 2707 de
577 2668 715 2718 legibus
728 2694 743 2716 ,
757 2671 1030 2712 nihilominus
1042 2671 1093 2711 de
1118 2684 1170 2711 eo
1188 2671 1335 2720 pacisci
1356 2671 1558 2721 pendente
1575 2669 1720 2710 >adhuc
1738 2680 1833 2759 coin-

1808 2732 1836 2757 χ.
