1924 2970
49 176 208 227 Seffizz.
252 176 387 212 decret.

48 235 95 271 de
141 228 278 276 observ.
304 255 315 272 ‚
349 229 391 271 (ἓν

48 289 189 324 evitan.
204 295 242 318 m
261 282 389 319 celebr.

46 337 153 386 ΜΨ.
210 387 262 424 Et

47 441 146 489 Seſs.
156 453 216 488 24.
234 448 332 489 capa
344 452 380 477 2.

42 497 88 536 de
100 493 262 542 Reform.

485 125 556 160 208
950 117 1011 153 28.
1026 111 1252 163 Septemhrls
1273 119 1390 159 177¹ss

526 168 712 210 OMEN.
738 166 1189 208 CELEBRATIONIS
1219 162 1516 205 MISSARUM
1542 195 1553 206 .
1621 167 1699 206 Pro
1737 178 1817 207 ea.)

552 235 627 271 qua
650 223 781 269 pollet
805 221 992 260 pastorali
1027 219 1310 258 sollicitudine
1344 220 1382 257 in
1402 218 1583 258 Ecclesia
1615 221 1683 259 fibi
1700 233 1815 258 com-

478 276 590 315 miffa
609 276 918 314 administranda
962 273 1182 321 Episcopus
1201 272 1406 322 Comen.‚
1451 271 1533 310 duo
1560 272 1811 319 praesertim.»

483 331 521 368 in
542 329 782 368 Cathedrali
818 326 994 366 Ecclesia
1028 325 1357 364 instituicuravit
1383 355 1393 364 .
1426 324 1606 363 Primum
1643 324 1813 372 respicit

482 383 807 422 celebrationem
850 378 1029 428 plurium
1076 377 1285 416 Miffarum
1316 377 1672 417 Conventualium
1715 389 1813 416 cum

481 445 607 475 cantu
624 435 672 472 iis
691 435 833 474 diebus
852 456 866 476 ‚
897 432 1189 482 quibusplures
1205 430 1331 468 Missae
1348 443 1369 469 a
1385 429 1560 470 Rubrica
1580 430 1812 469 decernun-

479 498 577 528 tur3
609 488 801 525 Alterum
832 486 1014 534 pertinet
1047 484 1096 521 ad
1123 492 1300 522 vetitam
1325 482 1552 523 Canonicis
1570 483 1813 521 Miffarum„

477 541 733 590 privatarum
754 537 1080 576 celebrationem
1108 549 1158 574 eo
1177 544 1362 583 tempore
1399 536 1670 586 peragendam
1691 561 1702 579 ,
1731 547 1811 584 quo

473 595 676 633 Divinum
712 590 912 630 Officium
948 589 988 627 in
1018 589 1156 628 Choro
1187 588 1415 629 recitatur.
1446 589 1523 628 His
1557 587 1813 627 contradixit

477 647 749 694 Capitulum,
780 642 996 686 contrariae
1029 639 1348 685 consuetudini,
1379 640 1551 692 aliisque
1581 640 1808 680 rationibus

470 700 674 742 innixum,
693 697 902 747 fastusque
922 704 1136 744 propterea
1152 695 1205 736 est
1224 694 1336 731 lOCUS
1352 692 1643 742 disceptationi
1664 695 1796 734 trium

473 753 696 793 dubiorum
714 775 726 794 a
758 763 844 801 quae
867 749 905 787 in
925 749 1038 787 calce
1057 746 1303 792 transcripta
1325 746 1416 785 sunt
1432 775 1442 786 .

415 806 483 848 Ad
506 806 533 845 I.
559 805 667 855 quod
684 804 839 843 attinet
857 828 868 847 ‚
901 813 947 841 ex
963 799 1259 840 consuetudine
1278 823 1290 842 ‚
1321 799 1538 838 contendit
1557 799 1802 849 Capitulum

466 873 547 899 non
569 859 707 897 teneri
726 855 774 895 ad
793 855 1005 903 duplicem
1023 850 1185 891 Missam
1206 851 1572 898 Conventualem',
1606 853 1674 891 nifi
1692 853 1728 891 in
1746 852 1809 893 fe-

469 912 541 951 riis
560 912 775 950 dumtaxat
793 906 1118 956 Qadragefimae
1135 931 1149 950 ‚
1166 916 1294 956 quum
1315 905 1494 944 recurrit
1514 907 1688 951 alicujus
1710 906 1811 945 San-

472 965 527 1003 &i
549 962 780 1005 Officium,
815 961 1008 1001 &diebus
1028 959 1164 997 obitus
1183 984 1194 1003 ‚
1221 959 1289 996 vel
1309 957 1596 998 Anniverstirii
1630 959 1806 1006 alicujus

468 1015 694 1056 Defunfti.
724 1013 1078 1053 Consuetudinem
1096 1014 1199 1050 hanc
1230 1011 1445 1059 probatam
1476 1009 1615 1050 asserit
1642 1024 1688 1055 ex
1718 1012 1808 1060 ipsis

433 1083 438 1089 ·
469 1068 656 1117 Capituli
679 1066 855 1106 statutis
873 1078 1068 1105 annorum
1089 1078 1223 1114 1390„
1255 1077 1369 1113 1440.
1391 1091 1403 1110 ,
1422 1065 1460 1104 δε
1482 1077 1597 1113 1534.
1618 1091 1631 1110 ,
1659 1065 1806 1114 quibus

468 1134 542 1172 pro
562 1133 638 1160 una
655 1129 817 1160 tantum
837 1119 954 1158 Missa
976 1119 1229 1169 'affignant‘ur
1260 1117 1570 1156 distributiones
1591 1142 1603 1161 ‚
1634 1117 1808 1162 pariter-

468 1188 547 1225 que
563 1187 633 1224 pro
652 1186 728 1214 una
747 1182 908 1212 tantum
927 1170 1043 1210 Missa
1073 1172 1112 1209 in
1143 1170 1349 1221 aliquibus
1388 1170 1481 1208 anni
1516 1169 1807 1209 festivitatibus

467 1236 670 1276 augentur
688 1258 696 1266 .
740 1226 970 1266 Contendit
987 1233 1128 1265 autem
1145 1221 1384 1269 hujusmodi
1406 1222 1572 1262 Statuta
1603 1234 1681 1261 non
1700 1224 1807 1260 inde·

457 1282 598 1328 finite,
634 1279 703 1319 sed
723 1281 896 1318 taxative'
923 1279 1038 1329 loqui
1066 1277 1116 1316 de
1149 1276 1266 1315 unica
1287 1273 1410 1314 Missa
1430 1302 1442 1321 ‚
1474 1289 1523 1315 eo
1541 1275 1636 1326 quia
1655 1274 1806 1314 di‘c‘tio-

466 1346 564 1372 nem
586 1333 745 1382 semper
762 1332 980 1372 exhibeant
999 1331 1037 1370 in
1053 1328 1241 1380 singulari
1259 1340 1436 1369 numero
1450 1355 1462 1375 ‚
1500 1329 1538 1368 δε
1569 1338 1806 1379 nunquam..-

468 1386 520 1424 de
538 1385 688 1424 duabus
706 1384 835 1423 Miffis
853 1385 1110 1424 mentionem
1127 1382 1283 1421 faciant
1302 1411 1312 1420 .
1548 1428 1553 1433 ,

418 1437 553 1480 Addit
571 1461 584 1480 ‚
622 1437 838 1475 nonnullos
853 1438 1071 1485 Episcopos
1092 1434 1323 1480 hujusmodi
1341 1434 1691 1474 consuetudinem
1710 1433 1801 1473 sub-

467 1498 635 1529 vertere
656 1488 822 1539 quidem
853 1489 1012 1527 adnisos
1029 1485 1146 1526 fuisse
1165 1511 1178 1530 ‚
1206 1487 1274 1525 sed
1302 1486 1484 1526 restitiffe
1517 1487 1761 1536 Capitulum
1782 1512 1797 1531 ‚

472 1554 649 1591 eamque
681 1541 942 1591 propugnasse
972 1566 985 1585 ‚
1019 1543 1057 1580 Sc.
1087 1551 1291 1590 nunquam
1321 1540 1590 1590 exequutioni
1609 1539 1797 1579 mandas-

470 1595 511 1633 se
542 1594 712 1633 decreta
743 1597 819 1633 hac
836 1595 882 1633 de
901 1607 943 1634 re
973 1593 1083 1633 edita
1116 1594 1162 1630 ab
1192 1592 1390 1640 Episcopo
1417 1591 1669 1631 Vercellenfi
1697 1591 1795 1631 Visi-

468 1655 611 1685 tatore
629 1647 985 1695 Apostolicoanno
1008 1651 1122 1689 1580.
1143 1671 1155 1690 ‚
1188 1646 1233 1683 ab
1260 1645 1457 1694 Episcopo
1488 1645 1695 1684 Archinto
1727 1658 1800 1686 an-

469 1703 687 1743 110'1618.‚
719 1700 757 1738 Sc
791 1701 838 1737 ab
869 1699 1069 1747 Episcopo
1087 1697 1272 1735 Carafino
1302 1710 1407 1736 anno
1433 1703 1579 1746 1641.‚
1616 1699 1674 1737 ita
1710 1698 1804 1749 qui-

469 1751 566 1791 dem
586 1775 599 1794 ‚
635 1759 679 1788 ut
698 1751 934 1799 interposita
962 1764 1066 1789 anno
1089 1756 1205 1798 1642.
1223 1762 1243 1787 a
1261 1749 1458 1798 Capitulo
1485 1751 1799 1798 appellationm

469 1804 578 1851 apud
594 1802 1139 1852 §.congr-egat.Enii‘cop.‚&
1158 1803 1301 1851 Regni.
1323 1828 1336 1847 ,
1360 1804 1594 1848 responsum
1615 1803 1742 1842 fuerit
1773 1818 1803 1840 =

469 1858 669 1896 Scribatur
685 1856 853 1905 qu'scopo
872 1881 885 1900 ‚
903 1857 1190 1906 utsupeasfedeat
1206 1880 1218 1898 ‚
1251 1856 1428 1904 commista
1447 1856 1564 1903 Causa
1580 1858 1803 1905 Eminentis-

456 1910 558 1959 fimis
575 1910 704 1958 Spadae
721 1935 734 1953 ‚
766 1908 940 1961 Cajetano
961 1935 973 1955 ‚
1007 1914 1049 1953 ἐν
1068 1910 1239 1956 Cefizrino
1253 1937 1264 1947 .
1299 1908 1356 1945 lm
1366 1909 1432 1945 mo
1449 1907 1630 1947 advertit
1651 1934 1664 1952 ,
1695 1909 1803 1958 quod

467 1961 573 2000 licet
588 1962 625 2000 in
646 1961 880 2000 Diaecesana
899 1962 1065 2010 Synodo
1083 1962 1148 2000 sub
1168 1960 1376 1999 Cardinali
1397 1960 1538 1999 Ciceri
1554 1963 1795 2000 celebrata„

465 2014 616 2064 cuique
636 2013 878 2064 Collegiatae
909 2015 1138 2061 inJunfftum
1165 2013 1293 2052 fuerit
1318 2025 1419 2052 onus
1453 2014 1627 2052 canendi
1656 2015 1795 2063 dupli-

467 2079 560 2105 cem
576 2066 738 2105 Missam
756 2067 1091 2107 Conventualem
1125 2067 1162 2105 in
1188 2066 1302 2105 feriis
1322 2064 1604 2116 privilegiatis
1636 2078 1706 2115 per
1726 2079 1801 2106 an-

464 2130 594 2158 num3
624 2119 895 2158 nihilominus
926 2131 1132 2170 nunquam
1159 2119 1402 2168 Capitulum
1431 2131 1452 2158 a
1479 2119 1615 2159 veteri
1649 2131 1762 2158 more
1788 2146 1803 2165 ,

462 2171 730 2220 institutoque
748 2172 964 2211 deflexerit
983 2201 993 2211 .
1023 2171 1101 2211 His
1118 2173 1264 2218 adjicit
1281 2171 1563 2211 testimonium
1582 2172 1699 2211 unius
1721 2172 1796 2211 Ca-

461 2224 600 2262 noniei
633 2248 646 2268 ‚
676 2226 714 2264 Sc
746 2225 918 2264 alterins
955 2224 1220 2263 Mansionarii
1251 2251 1264 2269 ,
1297 2237 1470 2275 quorum
1502 2225 1706 2273 primusa
1726 2230 1792 2269 56.

465 2277 580 2314 annis
599 2302 611 2321 ‚
639 2278 745 2318 alter
763 2290 862 2317 vero
879 2279 926 2317 ab
939 2277 1052 2316 annis
1074 2289 1136 2321 35.
1153 2276 1394 2317 cathedrali
1414 2277 1585 2317 inservit
1604 2307 1614 2318 .

412 2329 614 2371 Observat
634 2339 832 2378 praeterea
862 2342 962 2369 onus
983 2331 1157 2369 canendi
1172 2328 1338 2369 Missam
1354 2331 1686 2370 Conventualem
1720 2344 1802 2370 non

455 2385 715 2433 praeceptivum
727 2381 834 2428 effe,
863 2383 930 2422 sed
961 2385 1208 2430 direflivum,
1235 2384 1274 2422 ὃς
1305 2395 1375 2429 per
1405 2383 1572 2421 modum
1607 2384 1763 2422 consilii
1783 2401 1799 2430 5

460 2446 555 2473 cum
587 2434 736 2473 S.Pius
765 2436 817 2475 V.
840 2435 1183 2475 biscentenariam
1211 2436 1551 2476 consuetudinem
1589 2439 1660 2475 hac
1680 2441 1798 2485 super

462 2499 505 2526 re
522 2487 674 2526 servari
693 2487 977 2527 mandaverit.
1008 2486 1138 2527 Infert
1154 2488 1324 2538 proinde
1352 2487 1611 2527 cathedralis
1650 2489 1797 2529 Eccle-

459 2540 519 2577 fiae
539 2540 883 2580 consuetudinem
902 2553 980 2579 non
999 2538 1076 2580 esse
1098 2540 1407 2588 improbandam
1424 2568 1437 2587 ‚
1467 2542 1604 2581 habita
1621 2543 1788 2590 praesei·-
1804 2583 1812 2590 ‚‚

458 2592 538 2630 tim
560 2593 721 2632 ratione
741 2594 996 2644 reliquorum
1025 2605 1225 2639 onerum,
1257 2594 1399 2645 quibus
1432 2595 1675 2642 Capitulum
1706 2595 1792 2632 sub-

456 2643 600 2692 jicitur
615 2670 628 2691 ‚
655 2646 694 2685 &
712 2646 1107 2687 circumstantiarum
1127 2673 1139 2694 ‚
1161 2646 1200 2686 in
1220 2647 1363 2698 quibus
1380 2648 1564 2688 versatur
1578 2677 1588 2686 .
1620 2646 1780 2735 Recesn-

1747 2707 1790 2737 et
