1924 2970
586 183 624 218 4.
639 165 879 220 Majix771.
1387 178 1442 225 95

112 226 322 276 completa
340 223 468 264 fuerit
485 252 494 261 .
526 221 588 260 Ac
604 219 774 260 tandem
792 230 871 257 non
887 217 939 275 el}
956 216 1241 274 praetereunda
1257 218 1442 266 reflexio,

116 280 223 330 quod
257 278 445 319 Vicarius
479 273 694 313 Generalis
724 272 772 310 ab
797 271 1124 318 Archiepiscopo
1153 269 1440 325 subdelegatus

115 336 203 373 asta
219 330 400 370 confecit
416 355 428 370 ‚
459 339 502 365 ac
533 323 757 372 processum
771 322 1018 372 compilavit
1052 322 1133 369 post
1150 322 1309 360 obitum
1337 326 1445 370 ejus.

116 388 210 425 dem
228 379 535 428 Archiepiscopi
555 376 857 425 subdelegantis
877 404 886 414 .
919 373 1232 413 Ponderandum
1248 376 1438 422 proinde,

115 452 164 478 an
184 436 261 475 rite
292 434 341 472 ad
370 433 455 472 aaa
483 429 703 475 procedere
739 427 919 467 valuerit
950 451 963 470 ‚
998 427 1063 465 vel
1099 426 1247 465 saltem
1295 427 1434 468 eidem

115 487 318 536 suffragari
334 484 517 532 potuerit
545 481 722 534 qualitas
739 479 897 520 Vicarii
913 478 1191 527 Capitularis,
1225 490 1346 530 quam
1364 492 1436 532 po·

119 544 197 582 stca
212 538 422 589 acquisivit
438 566 448 576 .
1145 584 1153 590 ¹

171 591 255 631 His
274 603 370 639 ergo
386 588 613 637 opportune
630 584 836 635 praemiffis
857 582 1016 623 REPP.
1032 583 1232 625 definient

68 646 142 686 An
144 645 195 695 fit
210 645 305 684 locus
319 641 541 692 dzffolutioni
553 640 790 680 Matrimonii
805 661 818 682 ‚
852 640 891 675 in
903 638 986 686 casu
1002 639 1077 687 &a

168 749 330 797 Dilata,
347 751 384 790 Sc
404 747 666 799 prosequatur
684 742 1012 796 experimentum
1031 755 1102 794 per
1117 742 1248 785 alium
1265 754 1431 785 annum.

179 1115 369 1157 RDINIS
398 1118 436 1158 s,
456 1115 655 1156 BASILII
681 1147 691 1159 .
747 1117 939 1158 Placidus
951 1116 1085 1157 sonna
1120 1117 1317 1159 sacerdos
1346 1116 1441 1157 Pro·
1479 1097 1646 1148 Sesm·
1678 1102 1817 1140 decm-

191 1169 305 1209 ferrus
324 1171 495 1210 Ordinis
514 1171 552 1210 s,
566 1169 697 1209 Bafini
728 1169 844 1210 Ritus
872 1170 1136 1211 mio-Graeci
1154 1196 1168 1215 ‚
1198 1171 1234 1211 s,
1254 1171 1441 1211 Theoio-
1479 1153 1717 1218 deffserfivan·
1739 1178 1753 1198 ‚
1775 1154 1817 1195 ἓν

115 1224 190 1271 giae
209 1222 400 1273 Magister
419 1250 431 1269 ‚
448 1237 493 1263 ac
506 1222 620 1261 Prior
638 1221 877 1263 Monasterii
896 1222 1042 1262 Turris
1069 1224 1108 1263 in
1125 1223 1344 1264 Provincia
1358 1223 1442 1262 Ca-
1476 1216 1614 1295 §syan-
1630 1222 1669 1247 ἠ
1684 1205 1813 1248 ‘debr‘

114 1275 252 1314 Iabriae
273 1299 286 1318 ‚
317 1288 387 1325 pro
404 1274 591 1325 gerendis
608 1275 724 1323 ipfius
741 1275 979 1316 Monasterii
995 1301 1008 1321 ‚
1024 1277 1091 1316 vel
1109 1276 1280 1327 propriis
1298 1303 1312 1323 ‚
1329 1276 1443 1316 aliis·
1525 1259 1586 1308 's‘-

116 1339 197 1377 que
214 1327 339 1367 etiam
358 1329 534 1377 negotiis
553 1353 566 1372 ‚
593 1340 671 1366 non
692 1329 782 1367 raro
798 1354 811 1374 ‚
829 1328 1068 1379 vrgentibus
1082 1329 1133 1370 de
1149 1331 1292 1375 causts,
1309 1341 1330 1368 a
1345 1328 1443 1368 Mo-

114 1380 287 1419 nasterio
301 1379 428 1420 abesse
447 1380 610 1429 cogitur
628 1405 640 1424 ‚
673 1380 711 1420 Sc
729 1381 779 1420 ad
794 1381 875 1421 alia
900 1381 1012 1421 Loca
1028 1381 1066 1421 se
1086 1381 1310 1422 transferre
1327 1408 1341 1428 ‚
1369 1380 1438 1420 ubi

114 1432 184 1471 vel
200 1433 312 1472 nulla
326 1434 431 1473 adest
449 1433 506 1472 sui
524 1432 694 1470 Ordinis
711 1456 725 1475 ‚
753 1433 907 1483 suiqueg,
924 1433 1043 1472 Ritus
1061 1434 1255 1478 Ecclesia,
1270 1436 1337 1474 vel
1355 1436 1441 1473 haec

110 1496 194 1523 non
211 1496 351 1534 parum
365 1486 482 1524 distat
501 1497 522 1524 a
539 1485 606 1522 sua
623 1483 877 1523 habitatione
893 1507 907 1527 ‚
937 1485 1004 1523 vel
1022 1485 1131 1523 deest
1149 1485 1309 1525 Miffale
1325 1486 1441 1524 Grae-

115 1548 211 1576 cum
230 1563 244 1582 ,
274 1545 345 1576 aut
360 1536 546 1576 Minister
563 1561 576 1581 ‚
607 1535 675 1585 qui
691 1533 851 1575 Altaris
869 1534 1077 1575 Sacrificio
1094 1535 1191 1576 Ritu
1210 1537 1356 1576 Graeco
1372 1549 1440 1587 pe-

115 1588 295 1638 ragendo
313 1589 450 1628 valeat
467 1588 685 1627 inservire.
717 1587 829 1626 Hinc
861 1600 911 1628 ne
942 1596 1034 1626 toto
1051 1590 1250 1637 temporis
1276 1589 1440 1638 spatio,

114 1653 197 1691 quo
210 1652 232 1680 a
253 1641 496 1681 Monasterio
511 1641 613 1679 abest
633 1665 647 1683 ,
677 1652 699 1679 a
716 1639 962 1685 perficiendo
980 1639 1104 1678 Sacro
1118 1642 1327 1686 abstineat,
1345 1654 1439 1689 pre-

112 1704 181 1731 ces
196 1692 349 1733 obtulit
377 1689 767 1732 SANCTISSIMO
780 1703 854 1740 pro
870 1689 1072 1731 facultate
1084 1694 1318 1734 celebrandi
1334 1694 1439 1734 Mis-

111 1744 196 1782 sam
223 1745 271 1783 iis
289 1745 327 1782 in
345 1743 464 1783 Locis
482 1767 496 1787 ‚
527 1756 570 1782 ac
585 1743 898 1784 circumstantiis
914 1769 926 1789 ,
960 1743 1056 1783 Ritu
1087 1742 1239 1785 Latino
1256 1776 1267 1786 .
1297 1745 1438 1787 Preci-

112 1796 183 1835 bus
199 1795 246 1834 ad
263 1796 529 1835 Sac.Rituum
547 1795 922 1847 Congregationem
938 1795 1117 1846 primum
1131 1798 1436 1844 remiffis,dein·

110 1848 243 1898 deque
274 1850 359 1889 Sac.
379 1849 477 1888 huic
503 1848 828 1898 congregationi
860 1849 1060 1899 ablegatis
1080 1874 1095 1894 ‚
1125 1850 1436 1891 discutiendum

112 1901 370 1949 proponitur,
386 1914 435 1940 an
453 1900 583 1950 petita
602 1899 775 1941 facultas
791 1901 961 1941 concedi
977 1903 1115 1942 valeat
1129 1928 1140 1943 .
1158 1903 1255 1953 (ᾈιᾶ
1268 1904 1438 1955 quidem

111 1953 229 2001 super
248 1966 290 1993 re
305 1979 318 1999 ‚
333 1967 382 1994 ne
399 1966 492 1994 meo
507 1954 668 1994 muneri
682 1954 814 1995 deeffe
831 1954 987 1999 videar,
1005 1955 1219 2008 sequentia
1233 1968 1281 1997 ex
1295 1955 1437 1997 officio

114 2004 341 2046 adnotanda
358 2007 478 2047 duxi.

61 2052 255 2116 Ignotum¹
277 2060 396 2106 plane
411 2072 491 2098 non
510 2061 580 2106 est,
596 2060 818 2102 Ecclesiam
836 2059 1003 2102 facilem
1022 2064 1126 2102 olim
1146 2064 1229 2104 sese
1247 2063 1438 2113 praebuis⁶

115 2110 154 2149 se
189 2122 226 2149 in
246 2112 523 2158 impertienda
541 2113 772 2159 facultate,
803 2124 848 2155 ut
875 2115 1119 2156 Sacerdotes
1135 2116 1274 2155 Latini
1292 2116 1439 2154 Graeco

114 2161 214 2206 ritu,
232 2163 273 2205 &1
287 2163 463 2203 viciffim
482 2165 726 2206 Sacerdotes
745 2167 879 2206 Graeci
896 2166 1044 2206 Latino
1061 2169 1144 2207 ritu
1159 2168 1324 2206 Divinis
1341 2167 1443 2217 My·-

113 2213 241 2252 steriis
257 2225 526 2263 operarentur
542 2242 556 2261 ‚
572 2219 835 2269 pluribusque
850 2220 888 2257 al
912 2220 990 2257 atis
1010 2232 1052 2258 ex
1062 2220 1315 2269 emplis‚rem
1332 2222 1436 2259 hanc

113 2265 368 2316 multiplici,
389 2281 467 2319 qua
484 2270 609 2315 solet,
622 2271 858 2310 eruditione
875 2221 950 2319 pira:
965 2272 1126 2310 caeteris
1144 2271 1308 2311 conficit
1321 2271 1440 2311 Chri-

112 2316 255 2358 stianus
271 2319 408 2370 Lupus
430 2333 555 2370 tom.4.
574 2324 686 2370 Oper.
705 2327 745 2360 in
761 2323 899 2371 differt.
916 2325 961 2360 de
975 2325 1106 2361 Sanffi
1122 2326 1252 2362 Leoni-s
1262 2326 1331 2363 IX.
1349 2324 1439 2361 aft'it

116 2377 350 2422 cap.14.pag.
369 2376 459 2412 mihi
476 2380 564 2423 348.
593 2378 637 2418 (ἔγ
669 2388 759 2423 349,
775 2405 785 2413 .
819 2376 970 2415 Verum
991 2400 1004 2420 ,
1037 2389 1124 2427 quae
1140 2377 1305 2415 subinde
1321 2387 1438 2415 exar-
1479 2423 1485 2430 ·

116 2418 250 2476 {esunt
264 2422 432 2465 Latinos
460 2427 568 2465 inter
582 2451 594 2470 ‚
634 2427 874 2476 Graecosque
890 2427 1046 2467 diffidia
1062 2454 1074 2473 ,
1105 2429 1328 2478 praesertim
1355 2428 1439 2476 poll:
1469 2433 1481 2457 ι’

117 2482 300 2519 mtquum
331 2476 555 2519 Michaelis
569 2478 774 2518 Cerularii
807 2479 986 2518 Schisma
1000 2507 1013 2527 ‚
1042 2480 1082 2519 in
1101 2493 1144 2518 ca
1154 2480 1220 2518 usa
1252 2478 1439 2524 fuerunt,

114 2531 161 2560 ut
188 2522 358 2566 Ecclesia
386 2542 408 2569 a
435 2531 596 2579 pristina
628 2529 836 2570 facilitate
855 2558 868 2578 ,
894 2540 1020 2582 atque
1038 2531 1293 2581 indulgentia
1309 2531 1441 2570 omni-

113 2587 167 2612 no
194 2577 405 2619 recederet
422 2608 434 2626 ,
467 2584 506 2624 ὃς
539 2584 786 2622 severiffime
806 2584 1038 2631 prohiberet
1055 2607 1069 2627 ‚
1103 2583 1322 2634 quominus
1353 2583 1440 2622 ulla

116 2635 231 2683 ‘eret
261 2639 282 2665 a
299 2628 454 2686 Latinis
469 2660 484 2679 ‚
512 2634 743 2686 Graecisque
762 2635 1046 2674 Sacerdotibus
1063 2636 1225 2674 suorum
1263 2635 1439 2674 Rituum

114 2687 380 2723 immutatio.
411 2683 454 2721 Id
470 2696 606 2726 autem
626 2687 894 2728 disertiffimis
924 2688 1057 2727 verbis
1083 2688 1272 2728 decrevit
1301 2687 1441 2727 Ponti·-

111 2728 174 2770 fex
193 2730 400 2780 fingenius
419 2734 492 2776 IV.
524 2738 563 2777 in
579 2739 797 2781 Constitue.
811 2743 998 2780 Laetentur
1012 2764 1026 2785 ,
1060 2740 1171 2780 edita
1188 2740 1228 2780 in
1249 2739 1441 2780 Concilio

213 2785 407 2828 Tom.XL.
936 2791 975 2830 N
1362 2791 1444 2831 Ge-
