1924 2970
485 129 540 174 84
955 136 994 172 4.
1007 123 1158 172 Aprilis
1178 134 1294 171 1⁷7²·

484 178 575 228 pios
607 173 783 215 habeant
808 174 1016 214 sermones
1045 174 1096 214 ad
1114 174 1320 224 Populum
1336 199 1350 220 ‚
1378 184 1502 226 quem
1521 173 1561 214 in
1583 173 1817 219 Parochiali

488 227 669 269 Ecclefia
699 230 772 267 hac
787 226 894 267 dere
919 227 1144 266 convenire
1162 227 1373 267 mandavit
1390 253 1404 273 ‚
1435 227 1529 266 hinc
1565 227 1718 276 vigiles
1739 243 1818 271 non

489 279 663 320 defuere
685 280 863 320 Pastores
880 304 893 324 ‚
923 278 993 330 qui
1016 278 1347 336 sollemnioribus
1373 279 1471 319 anni
1510 279 1822 373 Εείὶὶνὶεεῑιίξιιι

491 331 656 373 Missam
674 333 713 372 in
731 332 903 382 privatis
917 331 1125 371 oratoriis
1143 331 1357 372 celebrari
1387 331 1671 380 prohibuerint
1689 362 1699 372 .
1773 346 1818 374 os

491 387 603 428 inter
619 384 887 425 recensendus
919 383 1168 424 immortalis
1186 383 1397 425 memoria:
1416 384 1657 425 Benedistus
1678 384 1813 432 xlv..

493 440 563 491 qui
576 437 674 478 dum
689 436 988 476 Bononiensem
1005 437 1343 476 Archidioecesxm
1358 447 1522 488 regeret
1534 462 1547 482 ‚
1575 436 1749 489 sequens
1770 438 1824 478 de

490 491 664 542 publicis
695 488 909 528 Oratoriis
939 488 1072 528 edijit
1088 489 1304 529 decretum
1334 505 1363 527 =
1388 489 1744 540 Absquesacultate
1761 505 1829 530 no·

483 545 563 596 stra
579 568 592 588 ‚
620 555 697 593 quae
710 540 915 589 tumsblum
931 542 1122 580 tribuetur
1138 566 1151 586 ‚
1171 555 1250 580 cum
1267 543 1430 592 legitima
1445 543 1552 592 causa
1568 544 1611 580 id
1621 544 1820 593 postulave-

494 601 546 636 rit
559 622 573 642 ,
588 598 621 633 S
623 607 747 633 acrum
759 597 799 631 in
814 594 892 632 illis
907 594 1157 640 Sacellixfieri
1166 597 1391 645 prohibemus
1405 619 1418 638 ‚
1443 595 1724 644 cumfiillemnes·
1741 598 1822 634 dies

493 658 654 699 agantur
666 646 857 695 paschatis
873 672 886 692 ‚
914 649 1151 686 Nativitan's
1165 649 1318 686 Domini
1333 674 1346 694 ‚
1368 650 1579 698 Epipham'ae
1594 651 1670 692 &a
1687 672 1701 694 ‚
1731 646 1833 701 ejus-

494 715 564 752 ·que
575 701 699 739 Sancti
714 724 727 743 ‚
756 697 860 752 cujas
879 700 987 738 titulo
1002 700 1184 739 parochia
1201 706 1447 751 {nuncupatur
1460 727 1474 747 ,
1502 696 1614 753 juxta
1633 712 1834 747 ‚veterem-e

492 752 603 805 hujus
619 753 787 801 Ds‘aecefis
800 753 1091 801 consuetudinem
1106 778 1119 798 ‚
1154 763 1199 793 ut
1214 754 1370 804 legitur
1405 754 1596 803 luſsit-44·

442 805 662 857 Episcopus
675 804 982 854 Albinganenfis
1006 819 1100 846 cum
1126 818 1233 846 anno
1263 811 1377 856 1718.
1411 805 1657 845 pastoralem
1685 805 1827 845 vifita-

494 859 656 898 tionem
683 866 827 908 ageret
845 857 884 897 in
902 857 1012 908 Pago
1025 859 1162 907 Delii,
1192 870 1316 908 quem
1336 860 1397 898 bis
1413 859 1534 899 mille
1548 857 1634 898 fere
1651 857 1824 907 pastibus

494 922 517 950 a
531 909 766 950 Parochiali
795 910 833 950 S.
849 909 1063 951 Laurentii
1083 912 1259 952 Ecclesia
1275 912 1418 952 distare
1445 909 1662 960 cognovit,
1683 919 1728 949 ut
1745 909 1826 949 Po-

489 962 578 1013 puli
611 962 875 1002 incommodo
903 964 1157 1012 prospiceret
1184 976 1231 1004 ex
1260 965 1402 1013 aspero
1430 989 1444 1010 ‚
1475 972 1726 1012 praerumpto
1739 989 1752 1006 ,
1782 963 1823 1003 ὃς

490 1013 652 1055 difficili
670 1015 822 1055 itinere
837 1017 931 1055 oeto
947 1016 1062 1057 Rivis
1081 1018 1317 1065 intercepto
1335 1043 1348 1062 ‚
1378 1015 1523 1056 audito
1556 1015 1666 1064 prius
1700 1014 1830 1054 Paro-

491 1069 571 1107 eho
597 1066 818 1114 decrevit,
850 1077 897 1108 ut
912 1069 1033 1108 salvis
1049 1070 1203 1115 juribus
1219 1069 1538 1117 {Parochialibus
1559 1091 1572 1111 ‚
1605 1068 1645 1106 in
1664 1067 1824 1106 Orato-

490 1119 555 1159 rio
570 1144 585 1165 ‚
613 1120 720 1170 quod
739 1120 778 1158 in
795 1121 944 1160 eodem
961 1120 1072 1171 Pago
1088 1123 1208 1161 fitum
1226 1123 1280 1162 est
1294 1147 1307 1167 ‚
1336 1119 1636 1160 Sand’tiffimum
1659 1119 1821 1159 Eucha-

490 1171 609 1211 ristiae
624 1172 934 1212 Sacramentum
966 1185 1040 1222 pro
1058 1173 1236 1214 Infirmis
1267 1174 1520 1214 retineretur
1538 1196 1552 1216 ,
1584 1172 1721 1221 ibique
1752 1171 1823 1211 Sa·

488 1236 608 1264 erum
633 1224 822 1276 quotidie
840 1225 928 1266 fieri
957 1226 1167 1272 permisit,
1195 1226 1382 1275 exceptis
1409 1225 1554 1264 diebus
1587 1223 1792 1263 Paschatis
1809 1249 1827 1269 ,

493 1278 534 1317 &
567 1277 606 1316 S.
621 1276 866 1321 Laurentii,
893 1290 967 1317 nec
988 1290 1065 1317 non
1084 1291 1106 1318 a
1122 1277 1351 1329 Capeliano
1368 1276 1529 1316 Miflam
1558 1277 1830 1317 celebraturo.

490 1328 765 1379 Evangelium
786 1328 944 1377 Populo
964 1331 1190 1380 explicari,
1222 1332 1262 1373 &
1279 1331 1395 1374 Fidei
1413 1329 1649 1370 rudimenta
1669 1326 1828 1386 Pueros·

490 1381 632 1420 doceri
663 1382 880 1420 mandavit
894 1411 904 1421 .
936 1382 1095 1422 Verum
1115 1385 1272 1432 Populo
1290 1384 1422 1423 visum
1439 1384 1492 1422 est
1510 1408 1521 1427 ‚
1553 1393 1632 1420 non
1647 1381 1743 1420 satis
1761 1381 1830 1419 fibi

490 1435 569 1472 hoc
587 1433 711 1472 modo
727 1432 816 1472 fore
833 1433 1067 1474 consultum
1087 1461 1101 1480 ‚
1130 1436 1384 1488 proindeque
1400 1435 1596 1474 nonnulla
1617 1432 1738 1472 dubia
1759 1433 1830 1472 Sa·
1875 1453 1880 1481 2

490 1497 568 1525 crae
586 1484 922 1535 ‚congregationi
953 1485 1185 1527 definienda
1218 1488 1427 1538 proposuit
1454 1511 1468 1531 s
1498 1488 1536 1530 8(
1566 1485 1768 1533 praecipue
1798 1499 1830 1522 =

492 1537 551 1576 ΙΙ.
579 1539 651 1576 At}
667 1537 803 1588 Populo
818 1539 926 1578 Delii
940 1538 1205 1589 indulgendum
1213 1542 1266 1589 fit
1279 1544 1410 1579 audire
1425 1539 1575 1588 ilfiffam
1589 1542 1628 1576 in
1646 1539 1742 1576 difiia
1761 1540 1836 1576 Ec·

491 1590 594 1640 clefia
608 1591 656 1628 S.
667 1592 856 1629 Bernardi
870 1593 974 1630 indie
983 1593 1174 1642 Pasa-hatis
1189 1618 1202 1638 ,
1231 1597 1274 1638 (ἐν
1287 1596 1334 1633 S.
1350 1596 1545 1632 Laurentii
1559 1590 1581 1629 ε)
1596 1591 1835 1635 sanantem

490 1641 772 1692 congregatio
785 1644 854 1684 die
866 1644 1169 1692 9.Septembris
1190 1659 1303 1695 ¹75²·
1324 1645 1537 1695 respondit
1551 1647 1689 1684 :Satis
1707 1645 1835 1694 provi-

485 1694 569 1744 fitm
585 1696 625 1731 in
640 1696 804 1734 Decreto
819 1698 986 1747 Episcopi
1004 1727 1016 1737 .

438 1746 651 1804 Caeterum
665 1747 830 1797 quoties
848 1751 924 1788 hac
939 1749 991 1790 de
1010 1762 1053 1789 re
1070 1750 1171 1790 alias
1186 1752 1323 1791 aestum
1342 1752 1396 1791 est
1426 1750 1467 1790 in
1500 1750 1624 1790 Sacra
1638 1748 1831 1798 Congre-

488 1807 659 1850 gatione
675 1824 689 1844 ‚
716 1800 787 1839 ubi
801 1801 978 1850 primum
995 1814 1065 1852 per
1078 1803 1304 1843 certiffima
1323 1804 1477 1850 indicia
1492 1801 1700 1854 appa-ruit,
1721 1801 1828 1840 Ora·

489 1852 649 1891 torium
666 1849 783 1892 fuiffe
801 1854 1040 1901 publicum,
1073 1856 1197 1896 Sacra
1216 1856 1499 1906 congregatio
1530 1867 1577 1895 ex
1606 1852 1829 1903 peculiari·

490 1905 564 1943 bus
580 1904 707 1943 causis
725 1930 738 1950 ,
762 1916 842 1945 non
857 1907 1041 1947 obstante
1053 1907 1241 1959 Episcopi
1258 1908 1431 1949 decreto
1444 1933 1458 1955 ,
1475 1908 1540 1947 vel
1558 1904 1832 1954 synodalibus

487 1955 857 1996 Constitutionibus
888 1984 902 2005 ‚
931 1958 1182 2001 facultatem
1213 1959 1451 2002 celebrandi
1484 1957 1648 1998 Missam
1682 1955 1722 1995 in
1748 1956 1832 1996 sol-

486 2007 762 2048 lemnioribus
783 2010 913 2050 etiam
930 2011 1235 2052 Festivitatibus
1249 2011 1468 2061 'impertita
1487 2011 1554 2050 est.
1575 2009 1618 2047 In
1639 2010 1828 2048 Savonen.

488 2059 712 2110 Episcopus
725 2062 1055 2103 ,celebrationem
1072 2063 1201 2104 Missae
1230 2065 1283 2104 iis
1297 2064 1443 2104 diebus
1471 2063 1541 2102 sub
1557 2073 1678 2111 poena
1694 2060 1831 2101 Inter-

487 2111 622 2158 disti,
643 2113 691 2152 δι
706 2112 983 2159 Censurarum
1002 2117 1276 2165 prohibuerat
1291 2142 1305 2163 ,
1323 2115 1596 2156 nihilominus
1612 2113 1827 2164 propofitis

486 2165 550 2203 dt'e
562 2178 606 2212 9·
616 2166 845 2214 Septembris
863 2176 979 2216 1724.
1005 2166 1141 2212 dubiis
1175 2184 1205 2205 =
1232 2169 1272 2209 -1.
1283 2169 1359 2206 An
1371 2169 1489 2208 AEdes
1500 2168 1621 2205 Sacra
1637 2168 1679 2206 S.
1693 2164 1830 2204 Maria

488 2218 535 2255 de
545 2216 772 2266 Arenetostt
786 2216 947 2269 Ecclesia
954 2219 1103 2269 publt'ca
1120 2245 1134 2266 ‚
1162 2220 1231 2260 vei
1242 2223 1460 2261 Grannum
1468 2223 1658 2270 privatum
1673 2244 1687 2269 ⁹.
1713 2222 1752 2256 in
1766 2230 1829 2256 ca-

479 2268 529 2320 su
544 2271 622 2314 &a
635 2297 647 2309 .
677 2268 695 2308 I
704 2268 735 2309 Ι.
751 2271 823 2309 An
839 2271 972 2321 constet
989 2273 1035 2320 de
1047 2271 1225 2319 nullitasse
1238 2297 1252 2318 ‚
1280 2276 1324 2318 dr
1337 2271 1521 2325 injustitia
1533 2271 1724 2313 Interdifli
1740 2295 1753 2315 ‚
1783 2272 1828 2314 ὠ·

486 2321 921 2372 respefflve‘suspenfionis,
937 2336 959 2362 a
973 2323 1132 2371 Divinis
1150 2351 1165 2373 ,
1193 2326 1234 2364 in
1248 2325 1337 2375 casu
1355 2329 1430 2370 ὅγε.
1447 2349 1463 2372 ,
1493 2322 1647 2373 prodiit
1664 2323 1829 2373 respon·

490 2375 581 2414 sum
608 2372 659 2413 ad
673 2372 705 2414 L
735 2374 932 2424 Ecclesiam
943 2375 1242 2427 effipubliqnm„
1273 2377 1340 2425 Ad
1359 2377 1413 2417 11.
1441 2376 1683 2427 ffirmativi
1702 2403 1712 2413 .
1741 2373 1826 2414 In.›

494 2427 696 2466 Cometen.
724 2424 1267 2478 Episcopusdecretosuo,
1293 2430 1460 2470 Sacrum
1491 2428 1580 2468 fieri
1598 2425 1827 2466 interdixe-

489 2487 556 2519 rat
580 2477 622 2518 in
638 2478 871 2526 oratorio,
902 2480 1017 2538 quod
1027 2480 1262 2531 appellatur.
1278 2482 1381 2522 delle
1395 2483 1561 2521 Carnam
1578 2505 1593 2525 ‚
1619 2478 1687 2520 sed
1703 2488 1826 2518 cum...

482 2542 505 2570 a
524 2530 646 2572 Sacra
660 2531 1242 2585 Congrega.taone„2quaes1tum
1259 2526 1397 2581 fuisset
1431 2547 1461 2572 τ.-
1488 2535 1561 2571 An
1576 2531 1688 2569 liceat
1705 2534 1744 2569 in
1754 2540 1827 2580 pue

482 2582 753 2622 blicoOratorio
766 2584 863 2624 delle
879 2586 1046 2624 Camatte
1063 2586 1179 2625 libere
1195 2583 1377 2624 celebrare
1393 2590 1506 2623 etiam
1520 2584 1668 2634 infestis
1678 2582 1824 2632 sollem-

484 2635 644 2673 nioribus
660 2659 675 2680 ‚
698 2639 736 2672 in
749 2636 834 2685 casu
849 2639 936 2682 ὰς,
949 2661 964 2683 ,
979 2637 1237 2688 „rescriptum
1251 2636 1335 2678 fuit
1363 2638 1430 2677 die
1451 2650 1509 2684 ¹7·
1526 2636 1637 2687 ,lunii
1658 2640 1774 2682 1769.
1791 2646 1823 2671 =

484 2685 730 2738 Affirmtivc‘
746 2709 762 2733 2
776 2728 780 2734 ,
795 2691 839 2736 &¹
851 2691 904 2730 ad
917 2689 1069 2733 numera
1086 2711 1103 2735 s
1134 2697 1180 2730 ut
1196 2686 1358 2732 scilicet
1375 2689 1430 2741 Cin
1447 2690 1587 2731 diebus
1608 2686 1717 2730 iestis
1744 2685 1822 2725 Ca·

1759 2745 1828 2778 te-
