1924 2970
535 101 589 142 66
1033 102 1086 140 ’8.
1105 101 1176 139 Au
1201 113 1224 138 u
1254 99 1302 138 ἰι
1368 101 1406 139 έῑ

65 156 158 204 Seffi
182 167 241 203 14.
268 166 350 207 cap,
366 172 404 209 7,
451 116 542 244 Ᾰ
560 152 718 196 LBEN.
748 152 812 192 IR
833 151 863 197 R
885 150 912 190 Ε
931 150 965 189 G
987 150 1068 191 UL
1091 154 1122 189 Α
1146 100 1269 191 RgIstI'
1290 110 1381 192 ΑΊΖΓ
1404 152 1461 190 IS
1479 181 1490 193 ,
1522 152 1626 192 Cum
1645 155 1834 198 Sacerdm

65 210 109 247 de
126 208 286 255 Reform.
573 207 807 246 Franciscus
824 205 959 244 Maria
980 204 1102 244 Porta
1115 204 1414 244 Vice-Parochi
1437 218 1581 244 munus
1617 220 1777 255 gereret
1799 213 1838 251 iu

506 259 680 310 Oppido
697 259 888 298 Rondelli
905 284 918 302 ,
949 257 987 296 &
1010 258 1124 298 illius
1143 257 1400 296 Parochialis
1423 258 1607 298 Ecclefiae
1639 261 1738 300 bona
1768 264 1840 302 ad·

505 314 754 353 ministraret
769 338 782 357 ‚
809 310 911 349 totis
942 309 1101 349 viribus
1132 310 1293 349 adnisus
1310 310 1428 354 est‚ut
1450 313 1606 351 eiceret
1622 312 1644 351 e'
1664 313 1835 362 quadam

503 365 653 406 Rurali
671 364 877 404 parochiae
911 363 1035 401 domo
1055 362 1275 412 Josephum
1297 362 1580 403 Bondoninum
1595 366 1835 417 praediorum

508 420 558 459 ad
576 418 765 459 eamdem
789 416 1014 454 Ecclesiam
1035 416 1338 464 pertinentium
1369 418 1575 456 cultorem
1591 444 1603 462 ‚
1638 430 1686 456 eo
1712 419 1835 469 quia..

504 473 614 512 male
634 472 672 509 in
691 471 760 509 suo
777 467 918 508 officio
933 468 970 507 se
985 478 1151 518 gereret
1172 498 1182 507 .
1218 468 1262 507 Id
1280 477 1420 508 autem
1439 470 1505 509 via
1532 470 1708 516 juridica
1738 472 1836 513 affe-

508 528 577 575 qui
597 521 701 573 posse
719 522 951 569 desperans,
969 520 1334 566 extrajudicialem
1353 523 1561 572 amplexus
1582 524 1694 568 est,&
1712 523 1778 562 die
1796 537 1831 570 7.

507 575 760 617 Novembris
794 579 925 622 1766.,
942 573 1105 613 adscitis
1137 573 1320 614 Testibus
1339 601 1351 620 ‚
1365 576 1413 614 ad
1448 577 1628 615 ruralem
1667 576 1838 615 domum

507 627 673 669 acceffit
685 653 698 672 ‚
727 629 764 667 Sc
780 628 916 666 claves
932 638 954 665 a
975 627 1212 666 Bondonino
1230 626 1480 676 efflagitavit
1496 656 1505 667 .
1520 628 1657 679 Jurgia
1672 629 1781 673 hinc,
1798 629 1837 668 Sc

506 681 801 721 contentiones
833 680 1118 719 Bondoninum
1149 680 1255 719 inter
1272 705 1285 724 ‚
1318 682 1356 720 &
1383 681 1649 721 Sacerdotem
1687 685 1834 722 Porta:

506 735 588 773 Res
608 743 747 774 autem
763 735 949 784 eousque
969 733 1137 773 devenit
1154 757 1167 775 ‚
1201 742 1244 772 ut
1260 733 1328 782 qui
1346 734 1532 779 aderant,
1552 747 1627 783 prce
1646 734 1826 773 timore,

506 785 745 836 aufugerint
761 813 773 832 ‚
802 788 840 826 Sc
859 786 1053 826 Sacerdos
1073 785 1195 825 Porta
1210 786 1393 835 graviter
1421 787 1703 826 vulneraverit
1734 786 1839 824 Bon-

508 839 706 878 doninum
723 866 735 885 ‚
753 839 821 891 qui
836 839 990 878 laethali
1007 840 1179 879 vulnere
1194 839 1352 878 saucius
1369 841 1492 888 paulo
1510 842 1589 889 post
1610 839 1806 880 occubuit
1822 867 1833 878 .

454 892 611 934 Delata
629 891 679 930 ad
697 893 866 931 Curiam
882 892 1165 942 Episcopalem
1183 892 1399 931 homicidii
1417 891 1525 932 fama
1543 919 1556 938 ‚
1578 893 1708 931 statim
1731 891 1850 930 Pro-⁴

511 944 702 986 Vicarius
721 946 938 984 Generalis
954 971 966 991 ,
981 958 1057 984 una
1091 957 1183 984 cum
1212 944 1455 984 Promotore
1480 945 1624 983 Fiscali
1643 945 1831 993 recogni-

507 998 670 1038 tionem
688 997 910 1037 Cadaveris
931 996 1112 1037 defuncti
1142 997 1437 1037 commiserunt
1464 997 1666 1046 Chirurgo
1697 997 1832 1036 Perdi·-

506 1050 645 1090 11ando
674 1050 812 1088 Garefi
827 1076 839 1095 ‚
858 1050 926 1101 qui
945 1050 1093 1089 retulit
1112 1077 1124 1096 ,
1161 1064 1251 1088 aver
1266 1050 1296 1086 il
1309 1052 1493 1095 medefimo
1507 1065 1576 1088 una
1588 1051 1705 1097 scrita
1726 1048 1828 1087 dalla

503 1104 765 1154 partefinistra
781 1105 839 1140 ενὰ
851 1103 888 1139 la
907 1114 1038 1153 quarta
1056 1127 1068 1146 ‚
1085 1117 1103 1140 e
1118 1107 1245 1152 quinta
1261 1103 1349 1150 costa
1380 1103 1477 1142 della
1509 1105 1713 1151 l-zrghezm
1744 1116 1828 1140 uti-³

507 1157 676 1203 traversi)
691 1157 826 1192 didita
841 1180 852 1199 ‚
869 1170 887 1193 e
906 1156 1118 1203 lunghezzfl
1138 1157 1209 1191 due
1222 1156 1377 1202 traverst
1401 1157 1440 1191 di
1469 1157 1545 1191 dita
1574 1165 1824 1203 penetrante.)

503 1209 603 1246 nella
620 1210 744 1246 cavit&
766 1207 828 1244 del
841 1209 1041 1253 toracefino
1056 1208 1092 1244 al
1105 1209 1219 1244 Cuore
1235 1233 1245 1250 ‚
1262 1207 1298 1244 la
1313 1207 1418 1256 quale
1430 1209 1590 1255 giudico‚
1608 1207 1828 1254 efferestata
1855 1206 1857 1209 ’

497 1261 601 1310 fhtta
620 1262 668 1297 da
687 1274 736 1298 un
749 1262 873 1299 Arma
884 1270 1068 1310 pungente
1084 1286 1095 1304 ‚
1127 1275 1144 1298 e
1161 1260 1339 1308 tagliente
1355 1286 1367 1305 ‚
1393 1271 1458 1308 per
1485 1270 1614 1309 quanto
1638 1262 1672 1309 J1
1688 1259 1829 1308 puole„

498 1315 700 1363 giudicare
715 1336 728 1355 ,
760 1314 809 1348 ἅτ
821 1317 892 1351 due
905 1318 1008 1362 parti
1023 1337 1035 1355 ‚
1055 1313 1091 1350 la
1107 1313 1335 1362 qualeferita
1343 1314 1401 1361 gli
1415 1315 1461 1350 ha
1476 1317 1662 1361 cagionata
1682 1311 1719 1348 la
1737 1325 1833 1350 mor-

500 1376 539 1404 te
555 1396 563 1405 .
597 1364 786 1404 Pluribus
806 1366 955 1405 deinde
971 1367 1217 1405 examinatis
1236 1366 1400 1404 testibus
1419 1392 1430 1409 ,
1451 1366 1720 1415 absolutoque
1737 1377 1826 1412 pro-

499 1416 627 1460 cessu,
642 1427 768 1469 atque
784 1418 867 1465 ipso
885 1418 1107 1458 Sacerdote
1128 1419 1247 1457 Porta
1264 1428 1508 1459 contumace
1527 1445 1542 1463 ‚
1560 1418 1713 1464 prodiit
1736 1417 1834 1456 Sen-

496 1470 633 1509 tentia
656 1470 909 1511 Pro-Vicarii
942 1471 1161 1510 Generalis
1184 1497 1195 1515 ,
1226 1471 1293 1521 qui
1314 1472 1434 1510 illum
1468 1472 1733 1519 irregularem
1755 1471 1827 1509 de-

495 1522 675 1562 claravit
690 1550 702 1567 ,
732 1535 807 1563 nec
840 1536 915 1563 non
944 1525 993 1563 ad
1028 1535 1211 1563 carceres
1239 1537 1308 1570 per
1341 1524 1662 1574 quinquennium
1680 1548 1692 1566 ‚
1725 1521 1829 1571 &rad

496 1573 834 1616 emendationem
853 1576 1093 1617 damnorum
1111 1590 1206 1627 erga
1240 1578 1423 1618 haeredes
1458 1576 1641 1617 defunffl
1674 1575 1830 1614 Bondo-

499 1626 586 1667 nini
603 1628 900 1669 condemnavit
919 1661 928 1670 .

447 1681 674 1723 Sententia:
691 1683 904 1733 acquievit
946 1683 1141 1724 Sacerdos
1173 1684 1293 1722 Porta
1310 1709 1322 1727 ‚
1353 1684 1420 1734 qui
1452 1683 1720 1732 relegationis
1753 1694 1827 1731 pas«

494 1745 591 1772 nam
605 1737 802 1776 menfibus
816 1736 1023 1776 sexdecim
1040 1737 1160 1775 subiit
1176 1738 1212 1775 in
1238 1736 1439 1787 Religiosa
1455 1737 1589 1774 Domo
1605 1750 1619 1776 ,-
1649 1746 1826 1785 cumque

492 1785 702 1826 satisfac'ta
717 1789 799 1833 jam
819 1789 939 1828 Parte
958 1814 970 1833 ‚
1005 1790 1324 1832 absolutionem,
1344 1791 1520 1828 attentis
1551 1790 1827 1838 peculiaribus

489 1838 813 1880 circumstantiis
829 1853 850 1880 a
866 1841 991 1881 Curia
1008 1842 1235 1891 Episcopali
1270 1841 1511 1891 reportaffet
1530 1868 1543 1887 ‚
1578 1842 1741 1890 supplex
1769 1851 1823 1877 a„-

491 1890 620 1931 881510
651 1892 833 1932 Domino
864 1894 1009 1933 Nostro
1043 1895 1386 1943 dispensationem
1406 1896 1454 1934 ab
1484 1895 1818 1944 irregularitate:

491 1945 715 1992 postulavit
731 1976 741 1986 .
774 1945 966 1986 Precibus
998 1947 1087 1987 Sac.
1117 1949 1211 1986 huic
1241 1948 1560 1998 congregationi
1593 1944 1791 1993 ablegatis
1808 1970 1822 1990 ,

493 1994 564 2034 die
587 2009 646 2037 13.
668 1997 765 2044 Julii
783 2000 893 2036 Anni
914 2001 1035 2046 elapsi
1056 2001 1204 2043 reiecta
1222 2000 1302 2038 fuit
1334 2000 1485 2047 petitio
1504 2028 1513 2037 .
1531 1999 1688 2036 Iterum
1721 2010 1819 2046 ergo

489 2044 573 2084 Eli.
597 2048 689 2086 VV.
707 2050 907 2094 pietatem
926 2074 938 2092 ‚
958 2053 995 2089 ὃς
1011 2053 1281 2090 clementiam
1301 2053 1495 2100 implorat
1515 2050 1710 2093 Sacerdos
1726 2048 1821 2091 Por-

488 2104 533 2136 ta
546 2107 618 2155 ,μῐ
634 2098 978 2147 dispensationem
999 2101 1228 2153 assequatur
1248 2135 1256 2143 .

437 2147 594 2191 Afferit
612 2150 739 2196 enim,
756 2154 845 2197 jure
856 2162 945 2192 tum
963 2155 1113 2198 civili,
1132 2165 1221 2194 tum
1238 2156 1437 2194 canonico
1460 2156 1687 2195 immunem
1704 2169 1726 2194 a
1743 2168 1818 2204 pa:-

494 2215 547 2260 na
575 2201 654 2242 effe
685 2203 864 2249 debere,
897 2207 967 2257 qui
997 2206 1045 2243 ad
1074 2208 1131 2245 sui
1161 2208 1436 2247 defentionem
1454 2209 1635 2259 aliquem
1649 2208 1816 2246 occide-

492 2263 572 2294 rit.
606 2254 888 2296 Neceffarium
917 2267 1057 2298 autem
1087 2258 1201 2299 fuisse
1234 2261 1505 2299 homicidium
1521 2274 1541 2300 a
1571 2250 1611 2321 lie
1628 2273 1819 2309 perpera-

493 2314 586 2346 turn
604 2332 618 2352 ‚
649 2320 743 2347 cum
762 2309 1023 2350 Bondoninus
1041 2311 1162 2350 illum
1187 2314 1331 2353 baculo
1350 2312 1582 2361 percusserit
1599 2337 1612 2356 ‚
1631 2313 1667 2352 δε
1684 2313 1731 2351 ad
1754 2326 1821 2353 ne‘

489 2372 584 2418 cem
601 2361 725 2411 usque
743 2361 991 2403 laceffiverit
1008 2387 1020 2406 ‚
1038 2377 1172 2415 neque
1189 2367 1296 2405 ullus
1312 2364 1464 2405 adeiset
1485 2391 1497 2409 ‚
1530 2355 1596 2416 qui
1632 2366 1668 2403 ei
1702 2366 1819 2404 auxi-

489 2413 596 2451 lium
613 2415 783 2462 praebere
799 2413 925 2462 polset
943 2441 956 2458 ,
974 2429 1045 2455 nec
1066 2418 1200 2457 aditus
1223 2428 1385 2466 pateret
1400 2445 1412 2463 ,
1444 2430 1523 2469 quo
1555 2416 1689 2467 fugam
1723 2418 1819 2457 arri-

490 2474 612 2514 peret
628 2480 642 2506 ,·
668 2467 919 2518 proindeque
949 2478 995 2509 ut
1024 2480 1200 2509 mortem
1221 2472 1419 2509 evaderet
1435 2494 1448 2513 ‚
1464 2471 1653 2508 coactum
1670 2470 1816 2512 fuiil‘ed

493 2518 763 2567 aggrefforem
807 2521 944 2560 cultro
985 2522 1090 2561 haud
1120 2524 1256 2562 vetito
1284 2533 1501 2572 percutere
1518 2548 1530 2566 ‚
1560 2524 1596 2562 &
1630 2525 1701 2561 hac
1731 2523 1810 2564 de)

492 2571 608 2609 causa
626 2573 673 2609 ab
691 2572 998 2622 irregularitate
1016 2575 1241 2616 immunem
1261 2576 1340 2615 dici
1357 2584 1550 2626 oportere
1567 2574 1617 2615 ad
1651 2576 1755 2616 Text.
1773 2581 1811 2616 in

497 2620 674 2665 Clement.
695 2629 795 2666 unic.
813 2627 875 2668 tit.
893 2628 938 2669 de
955 2630 1125 2669 homicid.
1144 2626 1273 2678 neceff.

1737 2729 1825 2771 Ad¹ss
