1924 2970
196 148 199 150 ,
593 121 655 158 29.
671 108 970 164 Augusts’1772..
1357 120 1428 157 ¹79

111 163 480 204 Constitutionibus
515 162 687 202 Ordinis
713 164 760 201 ab
793 161 1023 209 Apostolica
1054 158 1147 198 sede
1178 160 1425 200 confirmatis

115 217 321 257 adlestum
349 228 426 254 non
456 217 617 265 legatur
651 215 863 254 decretum
909 212 1072 251 irritans
1117 212 1429 259 profellionem

112 267 294 310 emissam
313 277 533 318 antequam
550 266 849 318 prorogationis
867 264 1068 304 terminus
1086 265 1341 310 compleatur
1354 264 1431 303 Fa-

111 335 227 372 gnan.
246 326 285 359 in
302 323 385 368 Cap.
402 326 466 370 qui
483 323 744 370 Praesbyternra
762 323 904 357 num.8.
923 342 935 361 ,
968 317 1113 364 &seqq.
1146 318 1191 352 de
1209 318 1328 353 Paenit
1344 342 1356 360 ,
1387 321 1429 362 &¹

117 373 257 423 remiff.
276 399 288 420 ‚
309 375 418 416 Card.
437 374 553 413 Petra
570 375 618 409 ad
649 373 792 424 Constit.
812 386 846 410 2.
863 370 1047 419 Antist-:stt
1062 369 1130 407 IV.
1153 368 1242 415 seffl.
1268 382 1302 407 2.
1324 384 1396 416 n.9.
1418 396 1432 415 ,

116 430 163 471 (θ’
167 427 269 477 seqq.
289 450 302 469 ‚
317 429 360 470 ὠ·
378 428 562 477 Constit.5.
582 429 752 473 Gregorii
765 425 833 463 IX.
851 436 1018 462 numam
1037 448 1050 466 ‚
1084 421 1232 470 (sy-seqq.
1255 432 1337 460 tom.
1370 436 1406 460 2.
1422 451 1432 461 .

115 478 258 528 Negat
276 487 433 523 autem,
453 480 582 516 ullam
598 479 636 516 in
651 475 979 527 Congregatione
1005 473 1311 512 Barnabitarum
1329 474 1442 512 ades-

117 532 158 571 se
177 530 524 569 Constitutionem
539 556 551 575 ,
571 542 657 581 quae
676 528 1008 578 prorogationem
1040 526 1238 574 temporis
1268 525 1334 564 sub
1364 537 1440 571 px-

116 594 169 622 na
186 582 394 625 nullitatis
412 582 460 622 ad
477 583 539 621 sex
557 583 713 623 menses
733 581 983 631 praescribat:
1007 580 1055 618 Et
1071 590 1252 628 quamvis
1271 587 1434 625 tempus

116 644 384 687 prorogatum
427 635 573 674 eodem
604 634 724 672 modo
756 659 768 678 ‚
813 635 851 672 δε
883 630 1013 670 forma
1059 631 1349 669 consideretur·
1395 642 1440 669 ac

114 696 280 735 tempus
295 687 529 736 praecedens
545 713 557 731 2
575 686 614 725 id
635 697 771 726 tamen
790 686 846 724 ita
867 683 1047 732 intelligi
1077 682 1223 721 debere
1245 681 1441 727 affirmat,

115 748 164 778 ut
183 738 385 778 Novitius
399 740 526 778 etiam
543 740 640 778 dum
660 738 842 777 decurrit
861 747 1021 788 ternpus
1040 745 1302 783 prorogatum
1322 760 1334 778 ‚
1354 744 1444 773 tan<

117 803 240 842 quam
256 792 350 830 talis
367 794 562 832 habeatur
575 817 587 836 ‚
621 789 965 843 quemadmodum
979 788 1228 839 praecedenti
1246 796 1437 834 tempore

121 843 288 883 habitus
303 843 440 883 fuerat
457 874 467 884 .

64 895 301 944 Receptum
319 909 389 946 pro
407 897 545 946 regula
566 897 617 935 est
633 922 646 940 ‚
676 906 720 935 ut
740 892 1097 944 'quemadmodum
1126 891 1444 930 Matrimonium

116 949 282 987 carnale
299 971 313 991 ‚
345 949 403 986 ita
428 950 556 987 etiam
587 947 789 997 Religiosa
822 945 1007 995 profefflo
1022 970 1034 988 ,
1065 958 1150 995 quae
1183 944 1437 991 Spiritualw

119 999 325 1050 quoddam
355 1000 672 1037 Matrimonium
699 998 853 1036 dicitur
870 1023 883 1040 ‚
913 999 1038 1035 libera
1058 1020 1071 1039 ‚
1101 1008 1146 1035 ac
1180 996 1446 1035 voluntari&

119 1049 199 1093 effe
215 1052 363 1090 debeat
379 1081 388 1091 .
421 1050 539 1090 Irrita
556 1050 724 1102 proinde
743 1051 913 1089 habetur
930 1048 1119 1097 profefflo
1136 1048 1270 1087 emiffa
1287 1060 1333 1086 ev<
1355 1060 1446 1085 me-

115 1109 163 1142 tu
180 1103 294 1152 gravi
312 1104 485 1143 cadente
505 1104 542 1142 in
562 1104 694 1143 virum
724 1105 974 1142 constantem
1006 1102 1146 1146 injuste
1177 1098 1328 1137 incuffo
1347 1101 1438 1139 Can.

116 1155 280 1204 Praesens
299 1169 336 1204 4.
355 1157 450 1204 caus.
471 1171 530 1194 ιο.
549 1157 667 1205 quast.
704 1169 739 1199 3.
759 1158 844 1204 Cap.
867 1154 1058 1192 perlatum
1078 1166 1112 1191 ι.
1133 1152 1178 1189 dc
1191 1154 1243 1189 his
1258 1178 1270 1195 ,
1291 1166 1368 1202 quae
1383 1156 1438 1196 vi,

117 1209 283 1255 metusve
300 1209 406 1256 causa
421 1234 433 1253 ‚
466 1211 550 1257 Cap.
569 1209 689 1247 nullus
710 1222 740 1247 1.
760 1233 772 1253 ‚
803 1211 847 1252 ὼ·
876 1216 951 1255 cap.
961 1207 1056 1255 ficut
1075 1215 1144 1247 ¹52.
1163 1207 1208 1241 de
1237 1205 1412 1252 Regulam
1430 1228 1442 1247 ‚

118 1261 264 1310 quibus
283 1260 443 1299 adhaesit
460 1260 697 1299 Concilium
717 1256 1011 1300 Tridentinum
1043 1257 1136 1305 Seffi
1161 1265 1211 1295 ze.
1243 1268 1362 1307 cap.9.
1395 1259 1443 1292 de

117 1311 300 1361 Regular.
320 1313 566 1351 Dubitatum
583 1314 686 1351 olim
700 1312 780 1351 fuit
799 1336 812 1355 ‚
843 1324 891 1349 an
908 1321 1043 1350 metus
1060 1309 1344 1348 reverentialis
1362 1306 1444 1346 suf-

119 1363 263 1403 ficiens
281 1363 379 1404 esset
397 1366 445 1403 ad
463 1377 627 1414 gravem
649 1374 806 1404 metum
835 1363 1116 1402 incutiendum
1137 1386 1150 1404 ,
1179 1363 1295 1406 cujus
1327 1361 1445 1399 causa

120 1416 242 1455 irrita
256 1416 338 1455 dici
373 1415 500 1462 poffet
522 1417 724 1466 Religiosa
738 1415 926 1462 profeffio
943 1427 952 1453 ε
969 1413 1209 1453 Communis
1225 1423 1362 1451 tamen
1384 1413 1449 1449 in-

122 1468 258 1509 valuit
272 1469 412 1515 opinio
430 1493 443 1512 ‚
462 1469 592 1507 solum
611 1479 768 1509 metum
805 1467 1123 1506 reverentialem
1140 1477 1210 1513 per
1230 1466 1267 1502 se
1284 1474 1450 1514 gravem

121 1533 205 1560 non
229 1519 306 1560 effe
324 1547 337 1566 ,
365 1521 435 1559 nisi
460 1521 539 1558 alia
570 1529 819 1560 concurrant
837 1546 848 1564 ‚
870 1519 1027 1558 scilicet
1064 1516 1227 1564 imperii
1257 1516 1416 1554 coactio
1433 1541 1446 1560 ‚

121 1574 261 1618 minae,
280 1573 387 1612 durae
409 1574 674 1613 tractationes
694 1599 707 1617 ‚
728 1574 766 1612 &
786 1573 901 1616 hujus
917 1570 1077 1619 generis
1104 1569 1184 1606 alia
1200 1582 1215 1609 ,ς
1249 1569 1357 1606 Hinc
1378 1569 1449 1605 iri-2

123 1627 215 1664 Can.
234 1626 373 1664 Puella,-
401 1631 438 1664 8.
457 1625 554 1673 caus.
577 1640 638 1663 20.
665 1625 780 1676 quaest.
804 1639 835 1662 1.
865 1625 913 1661 ad
941 1622 1180 1660 irritandam
1216 1620 1452 1659 Puellarum„

121 1677 413 1727 professionem
442 1677 622 1719 emiff'am
653 1682 702 1716 ol]
738 1685 894 1714 metum
923 1675 1241 1713 reverentialem
1261 1698 1273 1717 ‚
1303 1672 1371 1722 qui
1405 1684 1453 1710 ex

121 1730 301 1778 imperio
318 1729 536 1769 Parentum
553 1730 651 1768 oriri
670 1730 774 1769 solet
791 1752 804 1772 ‚
824 1728 1052 1777 requiritur
1067 1725 1225 1764 coartio
1247 1724 1299 1762 ibi
1313 1740 1338 1760 =
1357 1726 1449 1762 Coa-

128 1783 191 1827 Βῆ
218 1783 417 1826 Parentum
439 1786 586 1832 imperio
604 1812 613 1822 .
1190 1824 1192 1827 ¹

76 1831 134 1875 Ut
167 1835 296 1886 igitur
321 1835 370 1877 de
399 1834 587 1874 interiori
607 1834 648 1875 P.
670 1834 801 1873 Mauri
838 1829 1007 1872 diffensu
1029 1830 1247 1877 diiudicari
1283 1829 1453 1873 valeat,

124 1887 438 1936 expendendum
458 1888 587 1937 primo
603 1890 679 1933 est,
696 1900 742 1927 an
757 1888 854 1932 justa
883 1883 1062 1924 adfuerit
1094 1885 1211 1922 causa
1230 1881 1446 1920 {imulandi

125 1938 416 1988 profeffionem
432 1955 447 1981 ,-
463 1941 693 1990 deindeque
711 1938 997 1990 inquirendum
1015 1960 1027 1979 ‚
1058 1948 1104 1974 an
1123 1948 1167 1975 ex
1183 1936 1351 1977 affitibus,
1383 1933 1452 1982 qui

124 1990 414 2042 profeffionem
431 1993 732 2032 antecesserunt
750 2018 762 2036 ,
783 1991 1004 2034 comitati,
1023 1989 1059 2028 Sc
1079 1987 1309 2036 subsequuti
1332 1986 1421 2023 sunt
1439 2011 1452 2028 ,

124 2043 381 2092 deprehendi
421 2053 516 2083 tuto
543 2045 660 2093 poffit
690 2046 775 2089 ejus
811 2044 970 2081 animus
989 2054 1009 2078 a
1044 2040 1263 2088 Religione
1296 2038 1452 2085 prorsus

128 2095 288 2134 alienus
304 2121 318 2140 ‚
335 2097 442 2135 itaut
459 2098 649 2135 voluntas
666 2095 889 2134 emittendi
908 2091 1194 2142 profelfionem
1210 2089 1392 2128 defuerit
1408 2118 1417 2127 .

75 2144 172 2196 Qo
194 2149 292 2187 vero
306 2149 356 2187 ad
375 2150 616 2196 propositam
634 2150 866 2187 novitiatus
886 2145 1236 2189 interruptionem
1268 2143 1455 2188 explora·

124 2203 171 2240 ’ta
202 2211 267 2240 res
293 2199 346 2238 est
364 2225 376 2243 ‚
402 2212 550 2239 annum
580 2200 833 2247 probationis
865 2198 1107 2235 continuum
1138 2193 1219 2232 else
1262 2194 1410 2230 debere
1440 2220 1451 2229 .

124 2250 239 2300 Quid
254 2252 396 2291 autem
413 2252 643 2303 requiratur
661 2275 674 2293 ‚
706 2259 750 2288 ut
768 2248 1022 2297 tyrocinium
1052 2247 1327 2292 interruptum
1355 2245 1459 2290 diju-

127 2301 310 2350 dicetur,
331 2316 407 2342 non
426 2316 500 2342 una
520 2305 572 2342 est
586 2303 811 2341 Do&orum
830 2301 1044 2339 Sententia
1058 2312 1072 2339 ,-
1099 2297 1370 2337 Communior
1401 2306 1459 2335 ta-

128 2356 259 2401 men,
287 2357 495 2408 magisque
515 2365 682 2403 recepta
701 2355 840 2403 opinio
855 2354 907 2391 est
928 2376 940 2395 ‚
972 2352 1078 2401 quod
1099 2363 1221 2389 annus
1256 2350 1467 2397 probatio⁴

130 2408 195 2447 nis
215 2408 466 2458 interruptus
485 2409 699 2447 censeatur
716 2432 728 2450 ,
760 2405 921 2456 quando
941 2404 1140 2442 Novitius
1171 2415 1265 2441 cum
1288 2402 1424 2440 habitu
1447 2424 1461 2444 ‚

128 2458 302 2499 autfini:
312 2462 450 2500 habitu
469 2461 661 2509 religioso
678 2458 700 2499 e'
716 2459 937 2497 Nlovitiatu
955 2457 1106 2495 exierit
1125 2456 1360 2504 deliberato
1378 2454 1466 2491 ani*-

132 2524 203 2551 mo
235 2511 444 2551 deserendi
480 2513 739 2561 Religionem
756 2536 768 2554 ‚
791 2511 870 2550 etsi
891 2511 1020 2558 postea
1037 2508 1274 2556 paenituerit
1289 2532 1303 2551 ‚
1333 2507 1369 2543 Ξῖ
1389 2507 1466 2544 sta-

134 2564 215 2603 tim
233 2571 463 2602 revertatur
480 2593 492 2604 .
525 2566 623 2604 Haec
643 2564 721 2603 fuit
747 2563 963 2602 Sententia
988 2561 1075 2599 Sac.
1096 2558 1457 2607 Congiegationis,

133 2628 157 2655 a
185 2618 262 2666 qua
297 2626 392 2653 cum
423 2614 664 2656 Procurator
692 2615 907 2656 Generalis
956 2612 1126 2651 Ordinis
1162 2612 1461 2650 {minimorum

138 2665 517 2759 quaefiTviffe}=IAn
534 2672 717 2708 Novieius
737 2697 747 2716 ‚
764 2673 826 2720 qui
839 2682 859 2706 a
879 2666 1095 2758 fisonitsterm
1112 2691 1124 2710 ‚
1157 2675 1199 2703 ut
1228 2664 1342 2702 aliam
1362 2662 1466 2697 Reli-

249 2736 256 2742 ·
278 2731 345 2757 om.
389 2721 418 2757 L
439 2747 449 2758 ³
1016 2731 1036 2756 2
1383 2717 1472 2760 gina
