1924 2970
432 162 436 166 .
645 125 688 175 ἶ.
704 121 856 177 Ldprms
879 134 997 173 :7725
1114 172 1125 186 ·
1415 135 1462 174 ς,

133 178 419 222 interdicitur.
450 177 742 221 Pro-vicarius
760 179 916 219 idcirco
929 174 1145 218 Generalis
1160 176 1366 222 Prioribus
1386 181 1457 223 So·

132 234 301 274 cietatis
315 257 328 276 ‚
347 245 433 284 quae
452 242 707 280 nuncupatur
720 230 1034 275 Misericordiae,
1051 230 1256 277 prohibuit
1274 257 1289 276 ‚
1318 247 1369 276 ne
1384 235 1460 276 ia..

132 286 298 336 proprio
317 286 517 324 Oratorio
533 283 658 324 Miffae
678 283 930 324 Sacrificium
947 282 1015 322 die
1032 280 1237 322 paschatis
1276 283 1464 328 Resurre-

133 338 281 378 &ionis
297 337 496 378 celebrari
510 338 802 386 permitterent
821 366 833 377 .
865 334 1157 375 Reclamarunt
1179 335 1339 375 Priores
1354 339 1463 386 apud

136 390 435 430 Sanstiffimum
455 413 469 433 ‚
498 390 565 439 qui
581 389 898 429 controversiam
916 387 1005 427 Sac.
1022 386 1117 427 huic
1135 385 1299 437 congre
1320 390 1462 433 ationi

132 442 362 501 ablegavit,
378 442 603 493 auditoque
625 441 887 494 Episcopo‚ea
907 439 1031 481 modo
1048 438 1286 482 EE.vv.de
1317 439 1465 484 nicnda

134 503 376 545 proponitur
393 523 404 534 .

85 536 280 598 lnquiunt
298 545 457 586 Priores
470 572 484 592 ,
515 545 760 587 Oratorium
780 560 858 587 uon
875 545 953 588 esse
971 546 1180 596 privatum
1196 571 1210 592 ‚
1241 547 1309 587 sed
1330 546 1467 596 publi-

134 610 255 643 cum,
289 598 411 648 idque
426 598 661 639 certiffimis
677 601 872 642 resultare
891 599 1055 640 indiciis
1073 623 1087 643 ,
1118 597 1373 650 proindeque
1404 598 1464 639 fas

133 648 212 690 effe
230 650 397 689 Sacrum
418 652 454 690 in
473 664 522 690 eo
539 651 725 703 quotidie
745 678 758 698 ‚
789 662 980 704 tanquam
1009 651 1048 690 in
1074 650 1250 691 Ecclefia
1271 651 1464 699 publica...-

132 702 270 743 facere
288 727 301 747 ‚
331 716 380 743 ne
398 704 728 744 sollemnioribus
758 705 924 756 quidem
939 702 1128 753 exceptis
1145 702 1468 749 Festivitatibus‚

133 765 205 796 aut
219 756 284 795 die
304 754 509 795 paschatis
526 785 536 795 .
567 757 683 796 Hanc
714 766 854 797 autem
885 756 1140 796 facultatem
1170 764 1259 796 tum
1284 768 1331 797 ex
1359 756 1463 802 juris

133 808 394 856 dispositione
425 817 664 857 competere
701 811 809 848 Card.
831 811 950 848 Petra
976 812 1016 846 in
1028 810 1225 848 Commeat.
1251 810 1302 847 ad
1326 809 1467 859 Consta·-

134 871 251 900 rut.2.
269 860 454 909 paschalis
470 861 517 899 11.
527 860 619 908 seffl
631 875 660 900 i.
674 874 861 908 nunt.79.,
880 871 971 900 tum
989 872 1036 900 ex
1057 860 1277 899 universali
1293 861 1463 901 consue-

134 912 280 953 tudine
295 938 308 957 ,
342 925 426 962 quae
441 912 525 951 vim
545 912 647 961 legis
664 913 769 961 apud
797 923 941 952 omnes
959 911 1125 952 obtinet
1142 936 1155 957 ,
1182 920 1276 951 tum
1305 913 1466 953 ctiam..

133 976 181 1004 ex
200 964 380 1013 pluribus
400 964 526 1001 Sacra:
558 965 677 1008 liujus
697 962 1045 1014 congregationis
1063 988 1076 1007 ‚
1111 974 1184 1003 nec
1202 976 1279 1003 non
1292 964 1468 1004 alterius

134 1016 264 1055 Sacrae
291 1014 634 1064 Congregationis
668 1015 960 1065 Episcoporum
982 1039 996 1060 ,
1033 1014 1071 1054 &
1101 1013 1366 1064 Regularium
1393 1016 1469 1056 de-

131 1076 261 1106 cretis
277 1090 291 1110 ,
320 1076 446 1117 atque
462 1067 809 1107 declarationibus
825 1091 838 1112 ‚
872 1077 960 1107 tum
979 1065 1151 1105 demum
1164 1078 1212 1108 cx
1230 1066 1466 1117 posseffione

130 1120 240 1158 ultra
269 1128 437 1160 centum
455 1131 578 1158 annos
597 1121 799 1169 protraeia
826 1118 1065 1161 celebrandi
1093 1119 1134 1157 in
1163 1118 1365 1159 Oratorio
1391 1119 1465 1160 So-

132 1171 304 1212 cietatis
323 1168 461 1210 Missas
479 1170 516 1210 izi
537 1173 718 1214 qualibet
747 1173 1035 1211 sollemnitate
1053 1194 1067 1213 0
1093 1182 1140 1209 ac
1159 1172 1382 1220 pne-sertim
1411 1174 1453 1213 ii

130 1224 201 1264 die
229 1222 434 1262 Paschatis
452 1222 772 1263 Resurrestionis
793 1254 804 1265 .
839 1225 900 1264 De
920 1227 994 1263 liae
1012 1231 1153 1263 autem
1168 1224 1359 1264 diuturna
1376 1225 1467 1275 pos-

130 1274 299 1315 seffione
317 1275 596 1315 testimonium
628 1277 695 1316 sub
709 1278 808 1322 juris
827 1276 987 1322 jurandi
1012 1275 1215 1325 religione
1228 1278 1466 1326 complures

134 1328 348 1378 perhibere
366 1326 502 1367 Testes
520 1343 533 1369 ,-
548 1341 722 1380 eamque
742 1337 937 1378 prxterea
960 1327 1157 1368 resultare
1173 1341 1218 1368 ex
1236 1329 1467 1380 aiitiquiffi·

134 1391 204 1417 mo
221 1381 323 1419 libro
354 1391 457 1419 anno
490 1386 602 1427 1⁴71.
633 1382 745 1430 typis
767 1380 954 1429 impreffo
971 1379 1467 1429 „quiC0nfraternitatis

136 1432 311 1481 Regulas
330 1456 343 1473 2
359 1433 396 1471 St
419 1432 582 1473 Statuta
602 1436 790 1474 continet
806 1463 817 1473 .

87 1480 211 1524 Nihil
231 1493 372 1524 autem
389 1486 541 1528 obstare
554 1486 780 1535 synodales
796 1483 1120 1526 Constitutiones
1136 1510 1151 1531 ‚
1181 1497 1278 1537 quas
1298 1485 1433 1527 irritas
1447 1511 1465 1533 2

133 1546 259 1587 atque
277 1537 435 1582 injustas
467 1538 541 1578 eise
560 1551 604 1578 ex
621 1553 671 1578 eo
689 1538 946 1580 contendunt
971 1563 985 1583 ‚
1003 1539 1108 1588 quod
1129 1550 1205 1577 non
1223 1540 1348 1579 liceat
1370 1539 1465 1588 Epi-

83 1635 96 1643 .
134 1590 257 1638 scopo
290 1590 391 1628 locis
418 1589 540 1630 sacris
572 1603 641 1639 pro
659 1592 726 1630 suo
756 1591 931 1631 arbitrio
948 1616 961 1635 ‚
993 1590 1030 1630 Sc
1055 1591 1271 1632 voluntate
1307 1592 1467 1632 adime-

134 1655 180 1681 re
197 1666 210 1685 ‚
244 1654 332 1691 quae
366 1641 452 1690 ipsis
482 1643 635 1688 dejure
654 1669 666 1689 ,
693 1645 731 1684 δ’.
748 1656 795 1683 ex
816 1643 873 1681 sui
891 1651 1036 1681 natura
1054 1652 1297 1692 competunt
1314 1668 1327 1688 ‚
1345 1643 1467 1684 Sacra

134 1693 410 1744 Congregatio
427 1695 463 1732 in
479 1698 659 1735 savonen.
690 1711 726 1743 9.
746 1696 967 1743 Septembris
986 1706 1100 1743 ¹⁷²4·
1119 1723 1130 1734 .
1165 1695 1352 1743 Addunt,
1382 1695 1457 1736 dc·

143 1755 306 1784 cretum
337 1746 492 1794 Synodi
507 1749 683 1787 relatum
711 1749 749 1787 in
765 1752 924 1797 cap.48.
956 1746 1005 1787 de
1039 1747 1248 1786 oratoriis
1273 1756 1467 1788 tantum.»

133 1798 308 1848 privatis
337 1795 417 1839 else
437 1799 750 1849 intelligendum
783 1826 797 1845 ‚
843 1798 950 1850 quod
984 1800 1139 1838 certius
1170 1800 1387 1841 desumunt
1415 1811 1467 1841 ex

133 1850 388 1889 observantia
406 1874 419 1893 ‚
438 1864 512 1900 qua
528 1854 708 1893 constare
724 1853 902 1892 afferunt
918 1876 932 1894 ‚
951 1851 989 1890 in
1009 1850 1209 1894 Oratorio
1227 1852 1464 1893 Misericor-

133 1900 211 1941 diae
240 1900 377 1941 Missas
401 1903 564 1952 singulis
582 1903 733 1945 festivis
750 1932 762 1950 ‚
796 1907 833 1945 &
851 1903 1179 1944 sollemnioribus
1191 1903 1334 1944 diebus
1351 1931 1364 1950 ‚
1394 1914 1460 1945 at-

135 1967 213 2006 que
228 1954 355 1993 etiam
373 1954 411 1993 in
429 1955 497 1995 dic
516 1957 720 1997 Paschatis
741 1957 854 1998 fuiss'e
870 1956 1100 1999 celebratas
1114 1983 1128 2003 ,
1144 1956 1317 1998 minime
1335 1958 1464 1998 recla-

135 2015 276 2046 mante
300 2006 495 2054 Episcopo
526 2009 691 2057 Spinola
708 2037 720 2055 ‚
752 2011 820 2062 qui
849 2008 1173 2050 Constitutiones
1192 2014 1264 2050 hac
1283 2012 1399 2057 super
1416 2021 1461 2052 re

133 2058 176 2098 in
192 2058 356 2107 synodo
373 2059 506 2100 edidit
523 2087 536 2106 ‚
554 2075 683 2112 neque
700 2063 812 2102 illius
830 2059 1064 2105 Successore
1082 2062 1278 2112 Episcopo
1289 2063 1459 2104 Torres.

134 2107 382 2156 Huiusmodi
400 2123 594 2160 pra-‚terea
614 2114 936 2165 intelligentiam
954 2125 1001 2154 ex
1016 2127 1067 2154 eo
1082 2115 1210 2155 etiam
1224 2116 1463 2161 desumunt.

138 2163 243 2213 quod
261 2164 287 2202 fi
303 2162 628 2206 Coiistitutiones
646 2167 874 2216 synodales
901 2166 953 2205 de
971 2167 1181 2207 oratoriis
1200 2168 1373 2214 publicis
1400 2168 1465 2206 lo·

141 2224 359 2263 querentur
376 2241 389 2260 ‚
420 2229 497 2256 non
517 2217 647 2257 solum
666 2220 704 2257 in
720 2220 785 2259 die
800 2217 1009 2257 Paschatis
1028 2241 1043 2260 ‚
1069 2218 1198 2257 sedin
1216 2219 1403 2268 quolibet
1417 2229 1466 2258 ex

138 2264 461 2321 sollemnioribus
477 2268 617 2310 diebus
638 2269 848 2311 Miffarum
866 2269 1104 2311 celebratio
1121 2270 1162 2311 in
1176 2269 1375 2315 Oratorio
1391 2269 1468 2310 So-

140 2327 309 2358 cietatis
327 2319 465 2360 fuisset
483 2321 699 2362 interdicta
715 2353 726 2365 .

90 2365 393 2431 Nequeopponi
413 2372 516 2423 poffe
533 2401 546 2419 ‚
573 2376 679 2427 quod
697 2376 861 2426 reliquae
884 2373 1093 2416 CivitatIs
1124 2376 1304 2418 Sarzanae
1324 2376 1467 2418 Socie-

143 2429 250 2478 tates
266 2426 530 2470 prohibitioni
551 2428 760 2476 paruerint
777 2456 788 2467 .
821 2426 940 2466 Adve
951 2437 1068 2469 rtunt
1088 2430 1198 2468 enim
1215 2456 1229 2476 ‚
1258 2430 1466 2471 neminem

143 2484 235 2521 cogl
253 2473 353 2521 posse
378 2479 426 2516 ad
444 2480 509 2519 sua
537 2480 624 2524 jura
655 2479 899 2530 experienda
935 2481 1019 2522 Rot.
1047 2482 1157 2531 decis:
1179 2485 1267 2525 336.
1295 2486 1465 2523 num.16.

138 2527 477 2583 par.13.chent.‚
509 2533 547 2573 Sc
566 2534 738 2573 liberum
766 2532 917 2582 cuique
939 2531 1017 2573 e¹se
1045 2534 1125 2579 juri
1143 2534 1213 2574 suo
1247 2534 1464 2574 renuncia·-

141 2588 184 2616 τε
200 2603 212 2622 ‚
230 2579 306 2617 'vel
343 2579 413 2635 illo
436 2595 513 2638 gion
533 2586 593 2624 uti
610 2615 621 2626 .
671 2585 854 2626 Asserunt
874 2582 1040 2632 deinde,
1058 2585 1223 2625 minimi
1240 2586 1466 2626 habendam

142 2629 220 2669 esse
239 2629 511 2671 deficientiam
539 2637 680 2684 Populi
701 2638 738 2677 in
756 2637 821 2677 die
839 2634 1044 2677 paschatis
1072 2638 1121 2678 ad
1153 2638 1371 2679 Ecclesiam
1387 2637 1469 2678 Ca-

143 2681 373 2722 thcdralem
393 2696 468 2724 non
483 2688 717 2730 accedentis
735 2716 762 2740 ,,
779 2691 801 2730 e
815 2689 1035 2745 conspectu
1047 2690 1149 2738 juris
1165 2690 1339 2742 publicis
1358 2688 1464 2730 Ora*

249 2737 433 2777 Tou-XL.
821 2740 855 2782 Ι.
1393 2750 1456 2781 ω·
