1924 2970
575 88 634 114 ιι.
647 67 834 123 ‘Junemrii
866 85 981 120 177-2.
1417 87 1439 120 3

96 124 245 164 notitiis:
264 124 298 163 in
321 126 490 173 ipsarum
510 127 824 176 exequutionem
840 125 1058 163 circulares
1081 125 1231 165 littera:
1262 126 1425 176 siugulis

91 177 205 216 annis
228 177 450 217 mittuntur
465 179 513 218 ad
535 177 719 218 vicarios
742 176 940 215 Foraueos
958 200 970 218 ‚
1003 185 1046 215 ut
1064 180 1252 216 notulam
1290 177 1428 218 {Ansa-

94 240 200 272 rum‚
218 241 388 278 quarum
410 230 635 270 celebratio
651 230 836 278 neglecta
856 227 982 268 fuerit
997 252 1010 272 ‚
1043 228 1090 267 ad
1111 229 1428 277 Episcopaiem„

95 279 266 320 Curiam
287 283 571 321 transmittant
592 309 602 320 .

47 330 139 380 Nec
169 330 348 380 prode-ise
363 333 666 373 excusationem
702 331 750 372 de
767 329 1022 379 praetermissa
1038 343 1083 372 ex
1104 331 1342 372 neceffitate
1356 358 1368 378 ‚
1392 335 1431 373 Sc

98 396 146 424 cx
163 386 279 424 causa
299 385 761 433 paupertatisMisi‘arum
779 385 1057 424 celebratione
1073 393 1171 423 tunc
1187 385 1432 423 solnm2cum

101 437 298 476 Sacerdos
316 437 556 476 Gamalerus
574 437 757 486 Augustae
771 436 1042 475 Taurinorum
1061 436 1235 485 degebat
1250 460 1263 480 ‚
1292 449 1314 475 u
1336 445 1351 473 t
1368 437 1434 480 ju-

99 501 140 527 ra
158 489 224 527 sua
241 497 379 527 eontra
405 488 644 537 Episcopum
663 489 778 535 super
795 488 1071 527 Canonicatus
1091 488 1312 528 patronatu
1330 497 1426 526 tue-

102 550 245 581 retur:
272 539 418 590 Neque
433 541 769 589 compositionem
787 565 798 585 ,
826 541 864 581 8(
880 540 1174 580 absolutionem
1193 552 1214 579 a
1238 540 1337 580 Rev.
1352 539 1430 579 Fa-

95 592 206 630 brica
219 593 432 631 obtentam
451 622 460 632 .
490 592 718 633 Contendit
733 593 843 632 enim
861 593 909 631 ad
927 591 1307 637 primum‚affertam
1328 603 1427 640 pau·

98 653 305 693 pertatem
323 657 403 682 non
416 645 612 685 subsistere
631 671 644 690 ‚
674 656 767 683 cum
792 645 1030 683 Gamalerus
1049 645 1240 693 pecunias
1259 646 1296 683 in
1316 644 1425 682 ludis

99 696 395 741 consumpserit
411 723 423 741 ‚
457 699 493 737 St
513 699 690 737 monitus
706 699 756 735 ab
775 695 970 745 Episcopo
986 719 998 739 ‚
1028 697 1184 736 nullam
1201 705 1431 745 pauperta-

97 748 155 787 tis
171 773 184 792 ,
213 756 284 787 aut
300 748 547 788 necessitatis
571 751 730 789 causam
743 747 994 797 proposuerit
1011 773 1025 792 ‚
1054 749 1179 787 sedin
1193 747 1430 788 omittenda

96 798 316 839 Missa-rum
330 800 611 840 celebra-tione
629 800 853 850 perrexerit
869 826 881 838 .
907 800 973 838 Ad
991 800 1215 840 secuudum
1229 802 1329 839 vero
1348 799 1431 839 res·

96 851 252 901 ponder
271 877 284 897 ‚
312 863 452 899 preces
483 852 698 892 Tribunali
728 852 829 890 Rev·
853 850 1027 890 Fabricae
1057 854 1259 900 porrectas
1289 853 1431 890 subre-

96 903 251 951 ptionis
269 928 280 946 ‚
308 904 346 942 Sc
365 904 614 953 obreptionis
636 903 743 942 vitio
762 901 876 941 fuiffe
894 902 1174 953 coinquinatas
1193 927 1206 946 ‚
1239 904 1330 953 quia
1353 915 1430 942 vc·

94 967 184 994 rum
204 953 408 993 Miffinum
425 979 438 997 ‚
467 967 564 1005 quas
582 954 909 1002 praemiserat,
931 965 1150 993 num-erum
1166 954 1386 993 reticuerit
1405 982 1416 993 .

100 1006 348 1056 Insuperque
377 1006 559 1046 advertit
579 1033 591 1052 ‚
620 1006 749 1047 etiam
773 1007 854 1055 post
886 1005 1147 1055 Rescriptum
1178 1005 1417 1044 Tribunalis

98 1057 377 1098 RevAEabricae
396 1057 607 1098 Missar-nm
620 1058 948 1099 celebrationem*
963 1056 1180 1108 neglexiffe
1194 1081 1207 1102 ‚
1237 1058 1275 1099 ὃ(
1290 1057 1336 1096 'tn
1347 1057 1422 1096 sus-

96 1110 331 1160 pensionem
345 1110 480 1150 denuo
496 1113 569 1150 hac
584 1113 639 1151 de
652 1111 765 1151 causa
784 1106 965 1149 incidisse
983 1137 994 1148 .

43 1161 244 1203 Alterum
258 1161 512 1202 demandatae
542 1163 801 1212 suspensionis
828 1170 952 1209 caput
978 1160 1147 1201 deducit
1177 1161 1424 1204 Promothor

96 1214 262 1253 Fifcalis
280 1226 326 1253 ex
348 1214 630 1254 insufficientia
647 1214 889 1255 Patrimonii
908 1214 946 1251 in
966 1213 1228 1254 Im'trm‘tionc
1246 1215 1414 1254 samme-

95 1265 305 1314 Bcnedit‘ii
339 1265 455 1307 XIV.
488 1268 672 1316 praefiniti
699 1296 710 1308 .
754 1267 1052 1317 perperamque
1066 1267 1216 1315 opponi
1234 1266 1420 1310 sustinet,

98 1331 190 1358 cam
210 1317 395 1367 intelligi
409 1317 557 1359 debere
583 1319 633 1359 de
649 1317 938 1369 promovendis
963 1318 1012 1356 ad
1026 1319 1201 1357 titulum
1216 1317 1425 1357 Patrimo-

98 1371 187 1415 nii,
217 1383 294 1410 non
311 1379 452 1410 autem
484 1370 536 1411 d'e
567 1371 614 1410 iis
630 1397 644 1417 ,
674 1372 742 1421 qui
772 1370 931 1409 ratione
948 1370 1132 1409 beneficii
1158 1370 1207 1409 ad
1223 1369 1427 1415 *Ordines

99 1422 356 1463 ascenderint
373 1446 386 1465 ‚
416 1434 508 1461 cum
524 1422 668 1462 eadem
690 1423 896 1461 lnstruitio
915 1422 1139 1460 indistinete
1154 1421 1339 1468 expresse
1359 1422 1427 1458 lo-

99 1483 247 1527 quatur
263 1474 312 1514 de
327 1473 514 1513 omnibus
529 1500 542 1520 ‚
575 1475 649 1524 qui·
662 1475 728 1514 vel
747 1474 796 1513 ad
813 1472 992 1512 titulum
1005 1472 1226 1517 Beneficii,
1260 1473 1326 1511 vel
1349 1471 1427 1511 Pa-

97 1526 291 1566 trimonii
315 1534 606 1575 promoventur
635 1551 649 1572 ‚
691 1525 910 1574 omnesque
940 1550 959 1569 ,
993 1525 1063 1575 qui
1092 1525 1221 1573 prima
1253 1525 1433 1564 saltem-0,

99 1579 263 1617 tonsura
282 1577 456 1628 insigniri
481 1578 648 1627 cupiant
665 1602 678 1622 ‚
706 1579 873 1626 probare
897 1576 1072 1615 debeant
1090 1576 1283 1616 Beneficii
1316 1602 1330 1622 ‚
1360 1576 1430 1616 seu

99 1629 347 1681 Capelianiae
387 1629 548 1671 reditus
594 1631 644 1670 ad
686 1629 956 1671 medietatem
986 1628 1233 1668 Patrimonii
1265 1628 1429 1677 pertin-

128 1694 200 1722 ere
218 1712 228 1723 .

47 1695 172 1774 Hagnc
188 1744 327 1775 autem
343 1735 633 1783 proba-tionem
649 1733 1138 1787 nequaquam1expieviffe
1153 1732 1260 1773 dicit
1286 1733 1428 1774 Sacer·

95 1786 238 1825 dotem
254 1788 519 1827 Gamalerum
536 1814 549 1833 ,
581 1788 709 1826 immo
727 1788 823 1827 dolo
844 1810 857 1829 ‚
890 1798 949 1825 ac:
967 1786 1111 1825 fraude
1140 1785 1279 1825 Testes
1308 1787 1429 1826 indu-

97 1837 192 1878 xisse
210 1836 346 1879 asserit
359 1839 408 1878 ad
426 1840 718 1891 deponendum*
740 1839 794 1880 de
811 1838 1011 1878 reditibus
1032 1840 1227 1877 bonorum
1246 1838 1429 1877 adBene-
1472 1881 1475 1883 ‚

98 1889 237 1930 ficium
253 1891 529 1939 spec'tantium-
543 1917 556 1936 ‚
573 1892 641 1943 qui
659 1893 825 1931 illorum
844 1892 1037 1935 litum,<&
1054 1890 1298 1941 qualitatem
1317 1890 1427 1939 igno-

100 1943 267 1984 rabants
293 1956 386 1982 cum
404 1951 546 1984 tamen
576 1945 660 1993 ipse
686 1956 763 1982 non
787 1943 1037 1993 ignoraverit
1055 1968 1068 1987 ‚
1099 1954 1174 1980 nec
1205 1941 1427 1991 ignorare»

101 1996 299 2043 potuerit,
324 1995 433 2036 idem
450 1997 694 2036 beneficium
719 1994 967 2034 :Canonico
978 1993 1154 2035 Lazzari*
1181 1993 1426 2032 beneficiato

98 2046 358 2087 Antecessore
369 2049 419 2087 ob
438 2047 645 2088 redituum
661 2048 911 2088 tenuitatem
945 2046 1228 2085 renunciatum
1243 2068 1257 2088 ‚
1289 2047 1336 2084 ab
1351 2057 1424 2085 an-

102 2109 282 2150 fl0‘17472
299 2100 348 2138 ad
364 2112 513 2140 annum
533 2103 656 2151 usque
676 2112 745 2147 175
757 2112 790 2143 5.
805 2110 980 2138 vacuum
997 2097 1218 2138 remansisse
1233 2121 1246 2141 ‚
1266 2097 1429 2137 eadem-

103 2161 177 2200 que
193 2156 243 2192 de
263 2152 375 2191 causa
392 2154 612 2192 tenuitatis
645 2152 851 2192 redituum
871 2151 1114 2198 Episcopum
1132 2149 1333 2196 Miroglio
1351 2159 1424 2196 per

100 2200 302 2242 biennium
319 2204 495 2252 primam
516 2201 966 2251 Tonsuramdenegaffe
984 2230 994 2240 .
1027 2201 1175 2251 Neque
1197 2199 1421 2238 attenden-

98 2249 148 2290 da
163 2252 235 2294 effe
251 2257 501 2302 proclamata
522 2281 534 2300 ‚
551 2256 645 2306 quia
665 2257 775 2294 edita
794 2265 870 2292 non
889 2253 1055 2292 fuerunt
1073 2252 1112 2290 in
1137 2252 1247 2293 loco,
1268 2250 1334 2288 ubi
1355 2251 1426 2288 bo-

98 2313 146 2341 na
170 2305 254 2345 sunt
267 2307 337 2347 fita
355 2336 366 2347 .
397 2308 489 2348 Nee
505 2308 846 2357 approbationem
871 2305 1048 2343 duorum*
1062 2303 1324 2344 Vicariorum
1339 2300 1418 2340 Ca·
1469 2349 1471 2351 ι

96 2354 330 2401 pitularium
349 2383 363 2401 ‚
389 2360 483 2410 quia
502 2359 690 2408 decipi&
711 2359 1018 2407 ipstpotnerunt
1032 2385 1044 2395 .

48 2399 172 2445 Inane
191 2419 286 2447 vero
300 2410 374 2451 effe
393 2410 607 2462 diffugium
627 2420 866 2450 mutuatumv
880 2421 926 2448 ex
943 2407 1158 2447 additione
1190 2408 1228 2447 in
1245 2406 1423 2446 titulum

98 2457 341 2499 patrimonii
358 2463 413 2510 pii
430 2463 574 2514 Legati
591 2463 737 2502 Prandi
756 2489 767 2502 .
795 2463 832 2502 St
849 2473 894 2499 ex
912 2460 1166 2509 obligatione
1196 2472 1266 2508 per
1281 2458 1424 2498 Avum

99 2510 235 2549 emissa
251 2512 561 2554 subministrandi
580 2515 781 2566 quidquid
809 2514 857 2552 ad
876 2513 987 2551 illius
1004 2510 1300 2561 perfectionem
1325 2509 1418 2550 fue-

98 2562 154 2600 rit
177 2561 439 2603 necessarium
456 2592 466 2604 .
497 2568 702 2608 Observat
726 2568 835 2606 enim
855 2563 1152 2604 Patrimonium
1176 2564 1414 2603 consistere-2

92 2613 239 2654 debere
256 2615 296 2653 in
312 2615 423 2652 bonis
442 2617 636 2658 stabilibus
654 2644 671 2666 ‚
700 2628 746 2658 ut
773 2618 812 2656 in
830 2616 1095 2657 Benedistiua
1109 2614 1417 2657 instrastionea

232 2666 435 2708 Tea-XLI.
770 2669 807 2711 A
840 2681 859 2708 2
1317 2678 1396 2718 prae
