1924 2970
486 125 535 162 56
970 123 1029 156 16,
1043 121 1179 156 fidartii
1198 131 1310 164 1771.

479 185 558 222 quo
576 172 658 207 haec
675 168 870 217 leguntur
902 182 929 203 =
946 172 995 207 vc
1010 173 1052 208 de
1064 173 1239 220 pne-mistis
1259 172 1307 208 Te
1323 170 1523 219 diligenter
1538 171 1710 218 informes
1728 191 1747 216 ‚-
1773 172 1816 214 (ἔγ

468 226 501 274 st
511 234 574 272 per
587 221 875 268 informationem
890 224 1051 260 eamdem
1069 224 1150 261 Tibi
1165 225 1316 267 vere‚&
1330 223 1493 273 legitime
1509 223 1711 272 constiterit
1741 251 1813 261 .....

487 276 601 313 libere
618 298 630 318 ‚
662 276 705 317 ’ἐγ
722 274 824 312 licite
849 274 943 325 poffe
959 301 972 320 ,
993 284 1102 323 prout
1111 274 1210 328 juris
1216 276 1344 323 fuerat
1358 301 1371 321 ‚
1405 278 1522 315 eidem
1544 279 1669 313 Annae
1684 277 1822 318 Mariae

487 327 677 371 licentiam
694 325 974 370 Matrimonium
987 330 1227 367 contrahendi
1244 352 1256 371 ‚
1280 336 1344 377 pro
1349 327 1450 382 juris
1467 328 1596 375 fuerit,
1615 329 1820 369 concedas:

481 378 720 421 Videndum
739 405 751 424 ‚
782 391 832 421 ,an
853 379 1086 426 hujusmodi
1105 379 1245 418 omiffa
1261 381 1477 425 methodo,
1495 388 1735 428 contempta
1758 379 1824 417 di-

482 432 520 477 ci
538 432 683 476 debeat
700 430 831 470 forma
863 433 900 470 in
919 431 1073 472 Literis
1090 432 1336 481 Apostolicis
1364 433 1558 482 praefinita
1577 459 1589 479 ‚
1607 433 1665 471 ita
1687 440 1731 470 ut
1750 443 1824 471 ve-

486 486 557 528 re,
582 484 836 533 aclegitime
871 493 1131 533 compertum
1160 497 1240 524 non
1269 485 1421 532 tuerit,
1451 498 1499 525 an
1531 486 1695 525 malitia
1729 485 1821 534 sup-

486 539 621 587 pleret
655 544 820 582 aetatem
839 566 849 577 0

429 590 526 640 Quo
546 589 645 634 vero
670 587 720 632 ad
738 589 991 637 presentiam
1009 589 1179 630 Parochi
1210 591 1247 628 in
1264 592 1542 631 matrimoniis
1559 593 1811 632 contrahen-

489 642 551 681 dis
566 666 579 686 ‚
607 641 866 691 exploratum
885 643 1032 693 cuique
1059 644 1111 681 est
1125 668 1138 688 ‚
1168 644 1483 683 matrimonium
1517 657 1562 684 ex
1578 646 1668 691 jure
1687 643 1822 682 novis-

487 695 585 734 fimo
602 693 792 738 contrahi
812 707 890 733 non
909 695 1016 743 poffe
1029 716 1042 740 ‚
1069 698 1133 745 mji
1143 696 1316 745 praesente
1333 698 1494 737 Parocho
1508 723 1522 742 ‚
1550 698 1611 735 vel
1622 698 1821 735 Sacerdote

488 749 515 788 d
521 763 538 785 e
553 747 657 796 ipsius
676 746 836 786 Parochi
851 771 864 790 ,
882 747 952 796 seic
970 750 1171 789 ,Or-dinarii
1186 750 1335 787 licentia
1352 775 1364 794 ‚
1380 758 1501 799 prout
1518 748 1695 799 disponit
1711 748 1823 787 Con-

491 799 640 838 cilium
659 797 951 845 Tridentinum
977 801 1063 850 seffi
1074 815 1134 850 24.
1153 812 1270 852 calm.
1302 805 1346 841 de
1361 804 1564 851 Refhrmat.
1579 801 1793 840 Matrimon.
1810 829 1822 839 .

489 851 601 893 Hinc
620 851 842 898 Canonistae
861 878 874 897 ‚
907 853 945 893 3<
962 852 1169 904 Theologi
1196 868 1337 895 ornnes
1374 856 1669 895 communiter·
1686 853 1824 903 requi-

491 913 616 950 runt,
648 913 692 943 ut
714 904 910 949 Sacerdos
942 905 1047 944 adid
1064 907 1278 956 delegatus
1304 909 1378 949 suae
1407 907 1683 957 delegationis
1709 903 1824 944 noti·

490 959 595 998 tiam
625 957 800 1003 habeat,
829 958 868 998 δε
901 959 1017 1002 ficuti
1047 960 1227 1009 gratuita
1254 960 1472 1010 privilegia
1498 972 1572 999 nec
1600 958 1776 1006 perfetta
1807 981 1828 1001 ,-

485 1023 561 1050 nec
579 1008 686 1049 vires
706 1011 853 1054 habere
871 1010 1064 1056 dicuntur
1080 1037 1093 1057 ‚
1111 1011 1179 1051 nifi
1196 1013 1268 1053 ille
1286 1038 1298 1058 ,
1321 1013 1386 1052 cui
1411 1012 1712 1055 conceduntur,
1734 1011 1814 1049 de)

491 1065 542 1104 iis
559 1062 754 1112 notitiam
787 1064 934 1108 habeat
965 1089 978 1109 ‚
1010 1064 1066 1103 ita
1087 1065 1126 1103 id
1144 1064 1271 1113 ipsum
1291 1065 1509 1104 dicendum
1529 1065 1755 1104 existimant
1773 1062 1824 1101 de

495 1116 671 1155 licentia
691 1115 888 1157 affistendi
907 1117 1181 1156 matrimoniis
1207 1117 1332 1157 alicui
1353 1116 1534 1157 conceffa
1553 1142 1564 1161 ,
1580 1128 1672 1155 cum
1689 1115 1829 1161 hujus-

495 1167 610 1208 modi
631 1169 804 1207 licentia
824 1169 1201 1218 velutigratuitum
1229 1169 1432 1220 quoddam
1448 1168 1714 1218 privilegium
1731 1178 1827 1205 con-s

491 1220 657 1260 siderari
675 1220 794 1270 poffit
810 1247 823 1261 .
852 1221 944 1268 Qua
963 1222 1000 1260 in
1017 1235 1057 1262 re
1074 1222 1282 1262 adducunt
1298 1220 1617 1271 vulgatiffimum
1638 1220 1741 1259 illud
1758 1223 1824 1265 ju-

491 1274 545 1313 ris
574 1273 852 1322 principium,
883 1274 1090 1315 neminem
1124 1274 1362 1325 delegatum
1380 1274 1603 1323 procedere
1635 1273 1742 1321 posse
1771 1269 1824 1313 ad

490 1327 605 1366 usum
650 1325 923 1377 delegationis
951 1353 964 1375 ,
1007 1328 1076 1372 nifi
1106 1328 1186 1377 post
1209 1336 1397 1378 acceptas
1425 1326 1699 1378 delegationis
1727 1323 1818 1369 Lit-

495 1389 604 1418 teras
622 1408 632 1418 .
1674 1409 1677 1413 .

495 1443 567 1471 ane
588 1431 836 1471 sententiam
864 1434 1090 1483 amplexam
1115 1433 1236 1475 fuisse
1266 1435 1426 1474 Sacram
1443 1432 1824 1486 Congregationem

494 1484 620 1527 diebus
640 1496 674 1526 5.
691 1485 902 1523 Decembris
929 1490 1040 1525 1626.
1060 1512 1072 1532 ‚
1098 1490 1141 1531 ὠ
1171 1488 1396 1537 15.Aprilis
1426 1493 1540 1527 1628.
1567 1488 1695 1527 tradit
1724 1481 1822 1523 Sell.

493 1536 667 1585 inselefl,
686 1539 818 1575 canon.
836 1547 979 1587 cap.21.
997 1552 1095 1577 num.
1119 1552 1178 1582 13.
1196 1566 1208 1585 ‚
1234 1540 1364 1589 quiex
1380 1549 1519 1580 mente
1537 1539 1719 1586 ejusdem
1749 1535 1826 1573 Sa*-

496 1601 573 1627 crae
593 1588 936 1637 Congregationis
967 1592 1127 1631 nullum
1157 1592 1315 1631 censuit
1331 1593 1644 1632 matrimonium
1660 1596 1826 1630 contra-

498 1641 612 1679 >astum
630 1652 767 1682 coram
785 1641 1006 1682 Sacerdote
1021 1651 1218 1682 ,extraneo
1235 1667 1248 1686 2
1276 1643 1341 1682 cui
1363 1643 1539 1683 facultas
1567 1644 1663 1686 data
1688 1641 1826 1681 fuerat

498 1705 520 1731 a
537 1693 720 1733 Parocho
741 1692 856 1731 unius
873 1705 917 1731 ex
935 1693 1288 1734 contrahentibus
1306 1718 1317 1738 ‚
1334 1694 1399 1734 sed
1417 1696 1500 1744 ipse
1514 1694 1744 1740 hujusmodi
1763 1692 1827 1736 fa-

499 1746 703 1784 cultatem
725 1744 935 1793 ignorabat
950 1775 960 1785 .
991 1747 1140 1787 Viden.
1156 1748 1345 1795 Barbosjn
1363 1748 1486 1789 Concil
1503 1745 1824 1795 Tridentseffizat.

497 1799 543 1835 de
559 1797 760 1845 Refhrmat.
779 1800 953 1838 Matrim.
975 1809 1052 1849 cap.
1064 1814 1094 1838 ι.
1114 1813 1236 1839 aaran
1250 1815 1262 1838 ι
1274 1814 1307 1846 7.
1327 1825 1340 1845 ‚
1370 1803 1414 1844 &⁶
1436 1803 1474 1838 in
1488 1801 1523 1838 S
1525 1813 1644 1838 amma
1658 1796 1825 1847 Appstol.

497 1852 610 1901 decis.
633 1851 736 1889 verb.
752 1850 926 1893 Matrim.
945 1865 1062 1897 numa
1072 1866 1107 1897 3.
1126 1879 1137 1898 ‚
1168 1855 1211 1897 (ῥ’
1226 1855 1270 1891 de
1286 1854 1390 1904 Offic.
1409 1877 1422 1898 ,
1451 1855 1494 1898 ὠ*
1519 1852 1641 1903 potest.
1660 1850 1824 1900 Episcop-

503 1913 625 1954 par.2.
644 1904 821 1954 alleg.22.
843 1919 1036 1950 numan.
1055 1935 1066 1946 .
1095 1904 1444 1946 Animadvertere
1463 1905 1617 1944 idcirco
1633 1910 1822 1959 oporte}-

488 1968 535 1995 an
555 1956 930 2007 Archipresbytero
944 1959 1184 2000 Cattineani
1203 1961 1352 2002 tributa
1371 1958 1498 2001 fuerit
1526 1958 1592 1998 vel
1618 1957 1665 1996 ab
1693 1954 1825 1994 Ord1-

490 2008 609 2048 natio
637 2007 846 2050 Theatino
870 2037 883 2055 ‚
911 2013 977 2054 vel
1009 2025 1030 2052 a
1058 2012 1240 2053 Parocho
1272 2011 1608 2052 Hebdomadario
1639 2007 1825 2048 Ecclefiae

491 2060 833 2110 Metropolitanae
848 2063 1022 2104 facultas
1040 2065 1235 2104 affistendi
1254 2064 1519 2105 matrimonio
1534 2090 1548 2110 ‚
1567 2063 1604 2103 3<
1624 2075 1672 2102 an
1686 2061 1827 2101 eidem

480 2113 874 2166 ‚Archipresbytero
893 2117 1124 2163 hujusmodi
1147 2118 1363 2167 delegatio
1382 2117 1612 2157 innotuerit
1627 2145 1637 2156 .

435 2159 692 2210 Diffimularj
721 2171 888 2209 tandem
917 2170 1162 2214 nondebet‚
1191 2171 1255 2209 sex
1270 2171 1429 2212 dierum
1458 2169 1632 2218 spatium
1661 2181 1681 2206 a
1699 2166 1825 2207 Vica-
1882 2171 1889 2181 “

482 2219 544 2257 rio
576 2219 773 2259 Generali
805 2221 1015 2262 Theatino
1039 2222 1241 2271 praefixum
1270 2221 1385 2262 fuisse
1417 2221 1635 2265 Defensori
1671 2218 1826 2258 Matri-

482 2271 612 2311 monii
642 2272 691 2310 ad
719 2274 810 2319 jura
839 2275 1076 2318 deducenda
1094 2302 1107 2322 ‚
1135 2276 1174 2314 ἃ.
1189 2275 1337 2315 deinde
1356 2275 1406 2314 ad
1425 2274 1526 2315 alios
1559 2275 1618 2313 ses
1634 2273 1721 2311 dies
1740 2280 1827 2310 ter-

481 2323 640 2363 minum
658 2322 773 2368 fuisse
797 2336 1058 2378 prorogatum
1092 2357 1102 2366 .
1133 2326 1238 2366 Cum
1259 2337 1396 2369 tamen
1414 2331 1490 2367 hoc
1507 2336 1670 2376 tempus
1687 2323 1826 2363 eidem

481 2387 562 2414 non
579 2375 812 2424 rufficeret‚
843 2380 984 2428 preces
1001 2380 1158 2420 obtulit
1191 2392 1261 2429 pro
1280 2380 1470 2420 ulteriori
1494 2378 1788 2428 prorogatione
1807 2399 1824 2421 ‚

480 2440 531 2467 eo
549 2428 645 2479 quia
676 2431 727 2469 ob
741 2432 943 2480 temporis
961 2432 1181 2482 angustiam
1214 2432 1354 2473 Testes
1385 2433 1520 2480 praesto
1547 2430 1623 2474 effe
1655 2442 1735 2469 non
1751 2441 1827 2478 po·

478 2489 661 2538 terant,·
679 2482 747 2521 sed
763 2483 1088 2534 precesfuerunt
1120 2497 1142 2523 a
1169 2485 1338 2525 Vicario
1373 2486 1560 2532 reiedffl,
1589 2485 1828 2523 decretum-

478 2545 558 2582 que
579 2534 725 2576 extitit
744 2559 758 2579 ‚
786 2545 831 2575 ut
846 2537 932 2576 aeta
966 2537 1016 2576 ad
1034 2537 1195 2576 Sacram
1214 2536 1589 2588 Congregationem
1612 2534 1819 2576 transmit-

478 2592 698 2642 terentur.
730 2588 871 2637 Qare
900 2589 1165 2634 Matrimonii
1194 2589 1394 2631 Defensor
1423 2590 1588 2630 coaetus
1622 2587 1702 2627 fuit
1732 2597 1825 2634 pro-

479 2637 744 2695 testat-ionem
764 2665 777 2686 ,
805 2642 872 2680 seu
904 2642 1231 2691 appellationem
1258 2652 1401 2683 contra
1419 2641 1650 2688 hujusmodi
1678 2641 1825 2679 decre·

480 2697 576 2736 tum
600 2698 897 2741 interponere,
925 2694 1076 2745 {ibique
1103 2697 1189 2740 jura
1207 2708 1345 2739 coram
1381 2696 1500 2735 Sacra
1521 2691 1829 2744 Congregatio-

1777 2755 1826 2783 ne
