1924 2970
570 181 855 230 19.Septemhr's
890 189 999 225 ¹772.
1369 209 1435 242 ¹91

128 236 165 275 in
182 236 297 281 cujus
315 233 539 275 seminario
557 243 735 272 moratur
754 260 766 278 ‚
800 235 931 283 quide
949 235 1115 283 optimis
1143 240 1227 281 ejus
1241 246 1431 291 moribus,

129 292 178 331 de
195 287 416 335 exemplari
435 287 744 326 convcriatione
762 313 774 331 ‚
804 298 847 323 ac
863 287 911 325 de
938 290 1136 337 progreil'u
1167 305 1201 330 in
1218 296 1350 335 studiis
1368 300 1434 338 de-

129 343 244 392 ponit
261 365 276 385 ,
303 342 351 378 ad
369 352 494 390 eaque
509 339 749 387 complenda
766 338 953 383 affirmat,
979 342 1135 389 aliquot
1152 357 1273 384 anuos
1303 352 1433 389 adhuc

130 392 207 434 esse
222 391 456 433 necessarios
473 418 486 437 ,
513 402 552 429 ut
568 394 607 429 ἄη
620 392 731 440 sacra
737 390 918 437 facultate
948 395 1118 442 perfeHus
1137 400 1273 435 evadat
1290 424 1301 442 ‚
1329 411 1434 449 prout

128 459 175 484 ex
192 445 267 499 ejtts
284 449 421 494 ingenio
439 470 451 490 ‚
482 449 523 488 &¹
538 448 667 493 optima
685 444 867 482 voluntate
891 447 1082 494 pollicetur
1095 450 1143 486 ad
1157 451 1392 498 Deigloriarn
1411 479 1422 497 ‚

129 503 174 545 ὠ
192 498 424 536 ΓῗαϊΙκάναΙίς
438 497 597 542 Ecclesia
614 499 781 534 Urbam'ae
797 509 1044 538 ornamentum
1061 525 1072 543 ,
1107 506 1146 543 &y
1169 504 1272 539 decu:
1292 529 1302 548 ,
1333 506 1426 553 quud

127 549 311 600 dtfficilius
339 550 471 597 affe’qui
484 550 592 598 potest
607 576 618 594 ,
641 550 673 597 st
687 553 723 586 in
737 547 812 600 ejus
829 560 931 588 atace
963 552 1080 588 adhuc
1098 563 1225 590 tenera
1252 559 1270 592 ὲ
1301 557 1437 595 Paren-

127 614 206 641 tum
220 602 296 655 ejus
312 604 420 640 oculis
437 627 448 645 ‚
476 603 651 649 acjkalerti
679 601 872 649 vigilantia
902 605 944 638 ab
964 605 1028 640 hac
1047 605 1211 643 Civitase
1237 607 1307 644 alio
1337 623 1429 646 nunc

128 656 305 704 obligetur
322 658 549 701 commigrare
565 683 574 693 .
604 653 784 692 Consoua
805 652 842 690 in
862 656 932 692 hac
947 663 1060 697 parte
1079 659 1128 694 est
1145 658 1341 700 depolitio
1359 660 1435 700 Le-

128 708 250 746 &oris
269 733 281 753 ,
307 708 373 758 qui
389 706 608 746 Oratorem
626 704 796 743 affirmat
816 707 980 745 optimis
1008 707 1206 747 imbutum
1228 713 1404 750 moribus
1422 738 1434 757 ‚

125 758 323 811 felicique
343 760 503 806 iugenio
517 758 729 806 praedituin
749 782 762 800 ‚
794 757 983 799 assiduam
1001 761 1095 800 dare
1112 774 1275 809 operam
1297 763 1436 802 Theo-

124 810 243 861 logiae
260 812 434 854 morali,
462 823 580 860 quam
603 810 776 847 noudum
796 810 964 848 absolvit
981 835 994 855 ‚
1025 813 1062 854 3(
1094 814 1249 867 aliquid
1280 816 1434 854 etiam..

129 864 180 902 de
202 863 429 913 Theologia
446 863 672 911 dogmatica
692 860 878 899 delibasse
896 890 906 900 .

78 916 315 964 Capitulum
350 918 449 954 vero
491 913 727 953 convocatis
769 914 949 954 comitiis
975 915 1164 957 assensum
1199 918 1437 959 Primicerio

127 967 297 1007 Ora'tori
314 967 593 1015 denegandum
610 965 795 1003 decrevit
811 989 823 1007 ‚
852 979 900 1004 ne
919 980 963 1006 ex
982 968 1228 1009 diuturniori
1248 972 1357 1011 illius
1376 974 1440 1010 ab·

127 1019 257 1058 sentia
289 1019 429 1058 divino
447 1017 580 1057 cultui
610 1016 906 1055 detrimentum
940 1019 1137 1058 inferatur
1155 1048 1167 1065 ‚
1201 1035 1291 1060 cum
1312 1024 1437 1070 pleri-

130 1083 208 1122 que
234 1082 279 1108 ex
294 1070 510 1109 Canonicis
528 1093 541 1111 2
572 1069 608 1107 Sc
631 1068 908 1116 Dignitatibus
925 1096 936 1115 ‚
973 1071 1035 1110 vel
1056 1072 1244 1121 legitimo
1262 1076 1435 1118 impedi·-

127 1131 272 1163 mento
287 1122 448 1162 detenti
469 1146 482 1165 ·,
516 1122 578 1159 vel
597 1119 855 1169 Jubilationis
889 1122 1107 1172 privilegio
1123 1127 1276 1169 donati,
1297 1127 1435 1166 Choro

127 1174 298 1214 minime
316 1175 499 1213 intersint
513 1197 526 1217 ‚
543 1174 649 1212 itaut
668 1173 883 1220 perpauci,
901 1178 1188 1221 comprehenso
1209 1181 1334 1218 etiam
1353 1180 1439 1218 Pri-

127 1225 305 1267 micerio
336 1226 525 1274 supersint
547 1251 559 1270 ‚
591 1224 657 1275 qui
679 1224 860 1263 Ecclefiae
880 1228 1058 1274 praestent
1090 1229 1298 1270 servitium
1316 1260 1326 1270 .
1362 1232 1438 1269 Eo·-

132 1291 209 1329 que
225 1278 351 1326 magis
384 1279 421 1315 iu
440 1280 539 1317 hanc
569 1277 813 1316 sententiam
832 1278 943 1317 venit
961 1302 974 1321 ‚
1006 1282 1097 1328 quia
1114 1282 1406 1322 animadvertit
1423 1310 1438 1329 ,

128 1332 352 1370 Oratorem
378 1329 632 1370 commodius
648 1329 751 1373 posse
772 1354 784 1371 ,
813 1330 848 1368 Sc
863 1332 1008 1369 minori
1027 1344 1118 1373 cum
1143 1335 1323 1375 Eccleuoe
1340 1347 1438 1379 prae-

126 1382 285 1430 judicio
314 1382 482 1429 incaepta
499 1382 621 1420 studia
641 1380 823 1422 Urbauis:
843 1383 1053 1432 prosequi,
1087 1387 1150 1423 ubi
1187 1400 1257 1426 nec
1287 1388 1434 1427 desunt

124 1436 399 1483 Praeceptores
418 1461 430 1478 ‚
464 1446 536 1474 uec
568 1435 674 1473 deest
704 1434 857 1473 occasio
873 1434 1076 1476 studendi.
1107 1436 1197 1478 Hoc
1213 1441 1264 1479 est
1293 1449 1439 1481 votum

125 1486 312 1535 Capituli
345 1511 358 1531 ‚
406 1488 511 1537 quod
541 1496 678 1525 tamen
711 1499 787 1525 non
822 1498 896 1525 una
929 1486 1019 1524 vice
1052 1489 1360 1536 interpellatum
1393 1491 1441 1531 ad

126 1541 214 1585 jura
248 1540 311 1577 sua
342 1537 580 1578 deducenda
597 1563 608 1583 ,
641 1539 818 1580 nondum
849 1549 985 1579 coram
1007 1541 1094 1584 SaC.
1111 1541 1439 1595 Congregatione

128 1601 357 1639 comparuit
375 1619 384 1633 ,

75 1642 295 1694 Episcopus
309 1655 470 1694 quoque
485 1644 545 1683 ait
561 1670 573 1688 ‚
609 1644 830 1684 Oratorem
854 1644 1073 1684 studiorum
1093 1655 1284 1693 praetextu
1305 1649 1438 1697 plures

128 1697 278 1738 indulti
297 1696 602 1745 prorogationes
618 1695 834 1736 obtinuisse
851 1723 864 1741 ‚
877 1710 921 1736 ac
939 1710 987 1736 ne
1010 1698 1335 1739 sollemnioribus
1349 1700 1441 1750 qui-

125 1749 220 1788 dem
240 1748 378 1788 diebus
410 1748 648 1788 Cathedrali
680 1749 862 1789 Ecclefiae
880 1749 1091 1790 servitium
1122 1751 1363 1799 praestitisse‚
1390 1751 1440 1790 li·

124 1810 193 1840 cet
212 1800 414 1841 Pinnenlis
432 1800 624 1846 Civitas,
655 1802 717 1840 ubi
748 1802 859 1850 deg1t
878 1826 891 1844 ‚
920 1802 1068 1851 viginti
1100 1807 1260 1843 tantuin
1290 1805 1438 1843 millia-

124 1854 196 1891 riis
227 1855 273 1892 ab
294 1852 470 1892 Urbania
487 1853 605 1892 distet
625 1867 638 1893 ‚·
668 1854 795 1891 immo
820 1865 916 1892 cum
944 1856 1152 1899 praeterito
1183 1856 1437 1896 pentecostes

121 1903 224 1945 festo
240 1930 251 1950 ,
271 1906 409 1954 vigore
429 1905 680 1945 Litterarum
698 1906 1019 1949 Apostolicarum
1052 1907 1099 1945 ad
1135 1908 1314 1948 Ordines
1344 1920 1437 1955 pro-

120 1957 283 1996 moveri
299 1957 467 1997 deberet
488 1982 501 2001 ‚
531 1969 604 1997 nec
633 1957 927 2003 comparuisse,
959 1971 1032 1996 nec
1062 1961 1192 1998 ullum
1217 1961 1342 2000 animi
1374 1960 1432 1998 sui

124 2008 323 2047 indicium
339 2007 542 2057 prebuisse
561 2039 571 2051 .
604 2009 657 2047 Ex
673 2010 782 2050 illius
810 2019 949 2049 autem
965 2011 1144 2050 absentia
1171 2013 1441 2060 contingere-.-

124 2058 232 2108 poise
250 2060 352 2102 dicit
373 2087 386 2105 ‚
415 2069 458 2100 ut
478 2063 667 2110 perpauci
697 2061 966 2102 inservientes
995 2063 1060 2100 vel
1094 2064 1296 2103 consuetis
1326 2074 1446 2101 vaca·

123 2112 305 2150 tionibus
323 2113 495 2151 distrat‘ti
514 2140 527 2156 ,
555 2114 620 2152 vel
638 2113 772 2164 aliqua
791 2114 969 2160 corporis
1004 2113 1244 2153 infirmitate
1263 2115 1441 2158 detenti,

125 2162 265 2202 Choro
295 2174 372 2201 non
392 2164 573 2202 intersint
591 2190 603 2207 ‚
630 2166 666 2203 8(
684 2166 856 2203 Ecclesia
870 2165 1010 2203 debito
1028 2165 1195 2203 servitio
1212 2165 1446 2204 fraudetur.

124 2214 360 2260 Admittit,
389 2215 531 2260 fibijus
545 2215 620 2255 effe
639 2215 828 2262 jubilatos
856 2216 904 2252 ad
937 2215 1150 2254 servitium
1182 2217 1397 2258 revocandi
1431 2243 1444 2262 ‚

123 2267 192 2306 sed
206 2279 282 2308 non
299 2266 457 2314 semper
473 2290 486 2309 ,
518 2279 591 2305 nec
609 2267 730 2305 facile
748 2279 831 2307 rem
849 2266 870 2304 ὲ
887 2267 1086 2306 sententia
1104 2269 1320 2309 succedere
1338 2268 1445 2308 affir-

125 2326 214 2359 mat
229 2347 240 2358 .
271 2319 463 2370 Denique
482 2319 668 2361 observat
684 2343 696 2363 ‚
725 2320 893 2357 allatam
912 2319 1100 2358 absentiae
1118 2323 1274 2360 causam
1295 2323 1449 2361 Orate-,0

130 2370 166 2409 ri
184 2382 260 2408 non
278 2369 482 2421 suffragari
503 2398 515 2416 ‚
545 2385 696 2421 namque
712 2373 810 2410 modo
826 2372 993 2411 ‘Urbani-e
1005 2385 1071 2409 non
1085 2387 1174 2410 unus
1193 2399 1206 2418 ,
1235 2375 1295 2412 vel
1323 2378 1416 2411 atter
1431 2399 1445 2418 ‚

124 2422 195 2473 sed
209 2420 328 2470 plures
345 2425 488 2472 quidem
503 2424 607 2470 sunt,
622 2428 684 2473 qui
697 2438 777 2462 eum
795 2421 921 2462 melius
937 2450 948 2467 ‚
965 2438 1072 2474 quam
1086 2430 1125 2463 in
1141 2427 1214 2475 sua
1222 2431 1345 2475 patria
1365 2437 1445 2464 tum

132 2478 172 2512 in
187 2474 322 2512 litteris
338 2497 352 2516 ‚
367 2485 445 2514 tam
463 2476 678 2524 inscientiir
693 2477 866 2525 instruere
882 2478 1030 2516 valeant
1044 2506 1054 2517 .

78 2523 239 2565 Praestat
260 2524 308 2563 ad
327 2536 411 2564 rem
431 2528 771 2572 animadvertere,
787 2529 1017 2570 obtinentes
1036 2528 1270 2578 Dignitates
1284 2555 1297 2574 ‚
1312 2530 1451 2571 Cauno

128 2578 291 2634 micatus
304 2600 318 2620 2
348 2577 506 2628 aliaque
522 2580 716 2620 beneficia
733 2581 988 2620 residentiam
1028 2584 1281 2631 requirentia
1298 2609 1310 2629 ,
1341 2584 1449 2630 posse

125 2643 198 2681 per
226 2631 545 2679 quinquennium
572 2633 698 2674 abesse
727 2634 854 2673 velut
886 2634 987 2672 alios
1004 2634 1203 2679 doceam,
1235 2637 1300 2674 vel
1321 2637 1448 2683 utipfi

129 2679 314 2722 scientiis
345 2680 615 2726 instruantur,
646 2685 989 2734 quemadmodum
1022 2687 1161 2733 aperte
1189 2689 1330 2726 statuit
1361 2688 1451 2726 Ho-

132 2734 270 2775 notius
288 2729 364 2773 111.
383 2736 422 2772 in
436 2743 511 2785 cap.
528 2734 648 2776 ultim.
665 2737 710 2776 de
722 2739 934 2790 Magistris,
964 2748 1008 2779 ut
1022 2739 1139 2788 copia
1158 2739 1277 2787 poffit
1308 2740 1445 2827 halb-ri

1412 2804 1458 2832 ο,
