1924 2970
72 129 173 171 Sefi.
183 139 242 167 22.
264 138 327 179 cap
328 131 380 177 ,6

44 181 277 230 deRfmm

1047 77 1106 112 18.
1128 64 1232 121 Jum
1254 82 1369 125 17⁷2·

431 77 875 226 F426LG1NATEN.
933 123 1019 163 Post
1035 121 1327 163 demandatam
1352 137 1374 162 a
1393 121 1516 162 Petro
1535 122 1723 168 Calcioni
1751 134 1819 169 ce-

533 180 775 223 lebratione
780 190 804 214 ιι
822 177 1033 218 Miffarum
1050 189 1140 218 300.
1155 176 1476 225 pertimendam
1471 188 1508 214 m
1525 187 1611 214 circ
1617 177 1685 214 ilo
1701 180 1816 218 unius

485 243 579 271 anni
613 232 650 281 in
670 231 937 280 privilegiato
965 230 1100 278 Altari
1118 229 1383 277 Cathedralis
1417 229 1602 267 Eccleliae
1623 228 1814 278 migma-

486 284 637 331 tenus,
665 285 868 322 heredem
903 284 1149 330 testamento
1180 281 1435 327 nuncupavit
1464 283 1644 328 animam
1678 281 1818 326 suam,

486 338 757 387 praecepitque
774 360 788 381 ‚
822 345 866 375 ut
885 336 987 376 bona
1005 336 1142 374 omnia
1162 342 1249 373 tam
1265 333 1420 372 stabilia
1438 359 1450 379 ‚
1483 346 1603 385 quam
1620 335 1820 372 mobiliLJ

488 390 767 427 venderentur
795 387 885 425 colla
902 388 1329 438 maggiorsollecitudine
1341 396 1406 436 per
1417 387 1448 424 il
1456 396 1628 436 prezgo
1646 400 1663 422 o
1687 391 1823 444 prezgn‘

489 442 677 490 repertbili
694 466 706 484 ‚
723 442 770 477 ed
784 444 993 488 accettandi
1011 464 1024 486 ‚
1053 440 1103 479 ad
1130 439 1326 480 effectum
1354 437 1547 490 erogandi
1571 439 1752 492 pretium
1785 453 1824 479 m

485 493 812 537 celebrationem
828 483 1005 532 aliarum
1024 489 1236 533 Miffarum
1262 497 1300 530 in
1315 493 1433 544 quelle
1452 493 1578 541 Chiese
1593 516 1606 535 ‚
1633 506 1652 531 e
1677 494 1725 528 da
1742 494 1825 542 quei

486 546 681 585 Sacerdoti
696 564 709 591 9
737 546 801 582 che
809 554 1014 594 pareranno
1028 572 1041 591 ,
1068 560 1087 584 e
1103 549 1319 597 piaceranno
1334 545 1399 582 all’
1403 545 1614 603 infrascrit
1616 559 1633 581 ο
1650 544 1747 592 Efec
1745 556 1825 583 tto-

484 612 525 637 re
546 597 853 647 Tstamentario.
884 598 976 641 Hoc
997 607 1139 643 autem
1166 598 1571 642 offic1umc0mm111t
1604 596 1822 643 Sacerdoti

488 650 659 695 losepno
672 649 853 694 Moretti
873 652 1056 697 ejusdem
1075 650 1338 695 Cathedralis
1362 650 1543 689 Ecclesxae
1561 650 1718 689 Priori.

445 701 533 753 Post
548 702 710 745 obitum
726 702 951 752 Testatoris
970 704 1120 754 sategit
1152 704 1346 745 Sacerdos
1366 702 1545 751 Moretti
1563 727 1575 746 ‚
1608 712 1652 741 ut
1682 702 1823 742 omnia

487 754 628 792 sedulo
658 765 960 805 exequerentur
993 782 1008 805 2
1037 757 1347 807 adimpletaque
1373 756 1656 805 celebratione
1688 753 1829 799 Musa-

492 818 582 844 rum
604 820 690 849 300
718 809 830 858 juxta
850 809 1018 854 modum
1051 810 1090 848 in
1120 810 1367 859 testamento
1400 801 1709 857 praescriptum‚
1741 818 1828 845 ma-

486 870 586 906 num
603 855 790 908 admovit
812 861 1043 901 venditioni
1057 863 1254 906 bonorum
1271 885 1285 909 ,
1303 873 1349 908 ae
1367 862 1590 910 presertim
1607 871 1724 902 unius
1740 870 1828 912 ρις-

486 910 564 955 dii,
586 911 702 972 quod
710 912 842 960 Periti
863 914 1111 954 :estimarunt
1130 915 1253 965 sentis
1268 927 1392 962 950..
1413 913 1569 959 Verum
1585 911 1714 961 affixis·
1729 900 1824 960 redi

489 964 566 1001 ustis
584 990 596 1007 ‚
621 966 754 1010 major
769 967 926 1007 oblatio
951 967 1177 1011 adinventa
1195 980 1272 1010 non
1291 968 1346 1006 est
1363 991 1376 1010 ‚
1396 979 1515 1017 quam
1534 967 1634 1004 scut.
1653 979 1746 1011 900·
1738 988 1766 1007 .‚
1784 965 1823 1006 Sc

490 1017 659 1065 quidem
675 1028 720 1071 ea
738 1018 1010 1065 conditione,
1041 1029 1088 1059 ut
1104 1020 1249 1062 solutis
1270 1019 1309 1059 in
1324 1029 1542 1066 numerato
1554 1019 1678 1058 scutis
1707 1018 1825 1067 quin-

486 1069 625 1116 gentis
645 1093 657 1111 ‚
690 1080 760 1115 pro
778 1070 946 1121 reliquis
970 1073 1094 1112 scutis
1113 1086 1208 1120 400·
1241 1072 1552 1120 celebrarentur
1580 1071 1619 1109 in
1640 1070 1825 1120 qualibet

488 1121 677 1162 benevisa
697 1121 872 1172 Ecclesia
908 1124 1039 1173 spatio
1067 1123 1257 1170 decennii
1289 1132 1353 1161 tot
1375 1122 1500 1161 Milsae
1520 1148 1533 1167 ‚
1561 1131 1660 1174 quot
1688 1122 1826 1162 eidem

490 1173 656 1211 summae
692 1167 1012 1218 responderent.
1045 1176 1203 1225 Spretis
1232 1175 1403 1224 proinde
1433 1167 1586 1213 duabus
1617 1172 1825 1220 inferiori·

490 1225 563 1262 bus
591 1226 901 1275 oblationibus,
933 1240 1105 1280 quarum
1125 1240 1201 1268 una
1220 1228 1353 1267 abibat
1371 1227 1419 1266 ad
1439 1228 1549 1266 scuta
1568 1240 1659 1273 700.
1679 1252 1692 1271 ,
1724 1227 1830 1266 alte-

490 1289 534 1315 ra
547 1279 646 1316 vero
659 1278 707 1326 ad
728 1279 837 1319 scuta
860 1293 949 1324 722.
957 1282 1151 1332 praedium
1171 1281 1314 1328 majori
1335 1279 1557 1332 Licitatori
1585 1281 1634 1330 ad
1652 1278 1828 1326 formam

488 1322 712 1369 oblationis
734 1330 815 1371 fuit
833 1332 1139 1384 deliberatum.

437 1380 639 1423 Dubitans
658 1392 799 1424 autem
827 1377 1160 1432 testamentarius
1180 1387 1441 1436 Exequutor‚
1473 1397 1522 1424 ne
1552 1383 1651 1436 quid
1681 1385 1817 1428 minus

489 1435 600 1474 rec-‘te
620 1437 752 1485 egerit
769 1462 783 1486 ²
815 1448 888 1479 aut
908 1439 947 1478 in
967 1440 1134 1488 proprio
1151 1452 1320 1480 munere
1337 1438 1572 1482 defecerit,
1601 1437 1652 1476 ob
1668 1439 1829 1478 conces-
1846 1435 1850 1449 ²

492 1489 572 1526 sam
589 1488 767 1531 oblatori
787 1491 1059 1542 decennalem
1075 1493 1358 1541 dilationem,
1389 1492 1668 1540 tributamque
1694 1490 1828 1533 facul-

492 1549 624 1579 tatem
651 1537 906 1597 adimplendi
939 1547 977 1584 in
1007 1546 1189 1595 qualibet
1208 1547 1385 1595 Ecclefia
1406 1543 1619 1584 Miffarum
1648 1543 1830 1593 celebra·-

490 1594 651 1634 tionem
669 1620 682 1641 ‚
711 1597 912 1655 judicium
929 1599 1007 1639 EE.
1013 1598 1104 1640 Vv.
1123 1611 1196 1648 pro
1214 1592 1481 1650 conscientiae
1506 1590 1743 1645 serenitate
1750 1598 1825 1643 hac

487 1646 539 1686 de
560 1659 600 1686 re
623 1650 826 1699 requirit.
855 1651 906 1690 Et
928 1652 1276 1702 quemadmodum
1295 1653 1436 1695 datum
1453 1650 1591 1699 eidem
1609 1651 1686 1687 huc
1704 1650 1828 1701 usque

490 1700 671 1746 nonfuit
690 1703 912 1751 nonnullos
943 1705 1068 1753 libros
1101 1714 1316 1753 numerata
1342 1703 1515 1754 pecunia
1546 1701 1754 1748 vendere,
1785 1702 1825 1740 Sc

489 1751 673 1798 difficilis
688 1756 734 1807 fit
756 1756 926 1803 illorum
941 1759 1131 1809 venditio
1149 1784 1162 1806 ‚
1186 1759 1258 1801 nisi
1274 1769 1368 1797 cum
1383 1758 1520 1807 aliqua
1536 1755 1740 1794 dilatione
1758 1780 1770 1800 ‚
1787 1754 1827 1794 &

486 1807 622 1845 habita
642 1798 727 1849 fide
740 1808 830 1860 dep
836 1811 944 1858 retio
958 1836 970 1856 ,
998 1811 1156 1858 idcirco
1169 1811 1370 1862 supplicat
1389 1834 1403 1857 ²
1430 1819 1475 1849 ut
1493 1809 1758 1856 decernatur,
1772 1817 1824 1846 an

487 1859 627 1900 valeat
647 1862 723 1913 hoc
739 1861 890 1900 modo
880 1863 983 1902 mire
999 1866 1291 1908 contrat‘tum.

437 1910 583 1961 Quoad
604 1910 635 1951 1.
665 1913 703 1951 in
725 1911 859 1954 nihilo
874 1915 1065 1957 defecisse
1085 1926 1204 1966 putat
1219 1917 1329 1956 circa
1344 1914 1482 1965 praedii
1506 1912 1790 1961 venditionem
1808 1938 1822 1958 ‚

485 1975 577 2001 cum
599 1963 784 2015 Testator
805 1967 943 2007 Miffas
959 1977 1124 2007 tantum
1139 1983 1232 2012 300.
1251 1969 1358 2007 intra
1375 1967 1600 2015 terminum
1622 1966 1738 2014 unius
1752 1976 1823 2003 an-

480 2016 523 2053 ni
548 2011 749 2062 celebrari
781 2020 1071 2064 mandaverit,
1103 2020 1170 2059 sed
1203 2021 1241 2059 in
1275 2012 1449 2068 reliquis
1477 2009 1635 2057 nullam
1654 2027 1819 2068 tempo-

482 2067 536 2105 ris
553 2068 840 2116 praefinitioem
855 2071 1058 2119 adjecerit
1074 2094 1088 2119 2
1112 2081 1239 2122 atque
1259 2071 1415 2111 idcirco
1434 2083 1519 2120 rem
1537 2082 1706 2116 omnem
1722 2082 1819 2120 pru·

480 2118 598 2167 denti
616 2118 889 2172 Exequutoris
907 2124 1078 2167 arbitrio
1097 2124 1367 2164 committere
1398 2124 1608 2164 voluerit.
1636 2123 1816 2164 Prudens

479 2180 620 2224 autem
638 2174 856 2225 arbitrium
876 2173 1047 2224 suasisse
1044 2201 1059 2220 ‚
1093 2185 1136 2215 ut
1155 2178 1283 2225 major
1285 2175 1457 2228 oblatio
1477 2177 1685 2217 scutorum
1698 2191 1790 2224 900.
1781 2203 1810 2223 .,

479 2227 611 2264 etiam
630 2238 724 2277 cum
745 2227 965 2276 decennali
991 2228 1196 2268 dilatione
1227 2229 1359 2279 quoad
1392 2239 1576 2278 partem,
1595 2229 1688 2268 aliis
1710 2228 1812 2270 infe-

482 2277 660 2327 rioribus
693 2280 902 2320 scutorum
924 2295 1013 2328 700·
1033 2306 1046 2333 ⁹.
1077 2281 1115 2321 &
1148 2295 1237 2328 722.
1262 2281 1546 2326 praeferretur.
1579 2280 1668 2322 Nec
1690 2283 1808 2322 obes-

479 2328 532 2378 se
542 2354 555 2373 2
579 2331 687 2382 quod
702 2326 892 2382 Testator
908 2346 993 2373 rem
1008 2346 1178 2384 omnem
1207 2333 1346 2383 perfici
1373 2330 1553 2384 voluerit
1582 2333 1674 2373 colla
1708 2349 1810 2394 mag-

476 2388 562 2434 gior
585 2384 879 2439 fhfflechudz’ne,
917 2397 1012 2435 cum
1035 2387 1073 2425 id
1093 2384 1221 2435 ipsum
1253 2388 1366 2430 juxta
1381 2379 1711 2434 circumstantias
1743 2388 1806 2427 in-

485 2435 624 2486 telligi
655 2437 834 2482 debeat,
866 2451 937 2478 nec
969 2451 1060 2487 prae·
1063 2439 1153 2478 umi
1172 2438 1317 2487 possit,
1350 2448 1394 2477 ut
1424 2450 1496 2487 pro
1517 2439 1647 2489 magis
1677 2439 1811 2481 celeri

483 2490 730 2583 executione
757 2490 1043 2543 venditionem
1072 2493 1207 2542 praedii
1225 2503 1374 2530 minori
1389 2501 1524 2543 pretio
1554 2493 1807 2543 permittere

485 2552 538 2578 vo
561 2552 668 2582 uerit

436 2590 566 2633 Addit
584 2619 597 2637 ‚
627 2595 735 2645 quod
766 2596 867 2636 licet
882 2595 1070 2636 Testator
1084 2605 1238 2637 certam
1257 2596 1478 2638 Ecclesiam
1493 2597 1806 2644 Cathedralem‚

486 2652 728 2699 certumque
745 2648 895 2692 Altare
915 2650 1226 2702 privilegiatum
1256 2661 1328 2702 pro
1344 2651 1607 2707 adimplenda
1639 2660 1807 2741 territet}-²

1742 2713 1764 2740 u
1795 2735 1808 2740 -

1073 2791 1092 2813 ἱ
