1924 2970
486 145 579 179 .17²
1002 146 1039 179 3.
1059 133 1365 184 Augusti-1771.

501 187 591 226 suos
609 183 769 225 limites
786 185 999 236 protendit
1017 187 1127 226 ultra
1160 187 1384 237 Regionem
1403 191 1679 235 nuncupatam
1708 189 1841 239 Ango-

496 250 617 289 gnam
632 263 645 282 ‚
662 237 701 278 in
720 251 796 290 qua
812 240 860 277 ab
875 238 1157 289 antiquiffimo
1189 249 1379 289 tempore
1411 239 1548 288 plures
1576 236 1741 280 famili-ae
1759 267 1771 285 ‚
1800 244 1838 282 δε

504 292 648 334 incolae
667 291 874 341 propriam
892 292 1060 330 domum
1078 294 1228 331 habent
1244 319 1258 338 ‚
1294 293 1332 333 ὅ(
1366 291 1566 331 continuo
1597 304 1810 333 morantur
1826 325 1835 335 .

506 346 643 387 Tanta
660 346 712 384 est
730 346 849 389 nujus
866 345 1062 392 Regionis
1079 348 1309 394 Angognano
1324 343 1511 384 distantia
1528 357 1549 383 a
1572 344 1837 389 Parochia‚ut

507 400 622 441 illius
641 398 783 436 incolae
801 409 852 436 ne
868 396 1036 436 audiant
1055 397 1222 446 quidem
1239 399 1391 448 signum
1407 397 1658 436 Parochialis
1694 399 1837 438 Eccle-

500 456 558 494 fiae
575 476 589 497 ‚
618 451 712 500 quin
740 448 825 487 imo
849 458 939 488 tum
959 458 1127 497 propter
1156 449 1405 498 impervium
1424 474 1438 494 ‚
1469 450 1509 489 ὃς
1535 450 1709 489 difficile
1729 453 1834 496 iter,

501 517 625 559 quam
640 503 690 542 ob
707 501 1005 540 intermedium
1024 500 1216 541 Montem
1231 504 1402 541 Romana
1417 530 1429 549 ,
1450 503 1572 543 valde
1586 502 1767 543 difficilis
1786 502 1836 543 iis

498 562 548 599 fit
565 556 614 596 ad
633 552 918 593 Parochialem
944 552 1166 592 Ecclesiam
1195 556 1370 595 acceffus
1385 556 1434 595 ad
1455 556 1574 596 Sacra
1603 556 1835 603 audienda&

500 612 850 656 Sacramentaque
903 604 1167 655 percipienda
1196 635 1206 646 .
1236 606 1328 654 Qua
1357 609 1406 647 de
1449 621 1493 648 re
1523 610 1608 656 jam
1641 610 1766 660 usque
1785 610 1832 647 ab

499 675 604 704 anno
626 665 741 708 1645.
755 657 954 698 Oliverius
973 660 1168 698 padovani
1183 658 1318 699 incola
1336 661 1518 706 ejusdem
1535 661 1730 711 Regionis
1751 662 1834 700 An·

500 725 688 767 gognano
707 712 917 761 publicum
934 711 986 750 ibi
1004 712 1185 751 extruxit
1203 711 1450 752 Oratorium
1466 714 1534 752 sub
1548 715 1678 753 titulo
1693 716 1736 753 S.
1759 714 1832 763 Jo-

499 771 604 807 anm's
634 764 807 815 Baptistae
826 790 839 810 ‚
868 763 1035 819 ejusque
1063 776 1281 814 germanus
1315 765 1458 805 Frater
1489 768 1704 804 Dominicus
1730 769 1832 804 Vim

499 821 638 860 centius
654 817 844 868 sequenti
875 829 980 856 anno
1011 822 1123 866 1646.
1153 818 1318 865 publico
1346 818 1612 858 instrumento
1631 819 1834 867 Capella·

498 873 610 914 niam
627 871 758 914 erexit
777 870 826 908 ad
846 869 995 909 Altare
1023 870 1123 908 dieti
1141 869 1329 908 Oratorii
1350 883 1442 910 cum
1458 883 1583 910 onere
1614 872 1675 910 sex
1697 869 1837 910 Missa-

495 938 586 966 rum
605 924 643 962 in
661 922 844 973 qualibet
871 922 1124 962 hebdomada
1142 945 1156 966 ,
1184 923 1692 971 relit‘iojurepatronatus
1712 922 1832 962 favo·

500 991 542 1019 re
559 976 726 1023 familiae
742 974 965 1014 Padovanae
981 1003 991 1014 .

445 1031 601 1073 Verum
622 1029 823 1068 translato
838 1040 859 1066 a
877 1026 1105 1066 Padovanis
1123 1026 1342 1067 domicilio
1360 1027 1410 1067 ad
1427 1029 1553 1067 aliam
1583 1027 1826 1068 Parochiam

492 1085 533 1123 S.
550 1080 706 1126 Hilarii
734 1092 772 1119 in
800 1079 947 1119 eodem
964 1080 1197 1119 Territorio
1217 1080 1476 1120 Brixichellae
1494 1083 1687 1120 -erestam
1707 1091 1745 1125 ,Φ
1761 1081 1830 1120 Sa·

492 1135 636 1176 cerdos
656 1133 836 1182 Raphael
854 1131 1061 1172 Padovani
1083 1132 1303 1172 hodiernus
1323 1133 1569 1182 Capelianus
1587 1159 1598 1177 ‚
1616 1134 1739 1172 variis
1760 1145 1833 1171 ex-

493 1188 635 1240 positis
652 1186 774 1226 causis
794 1211 807 1230 ,
825 1186 998 1236 gratiam
1016 1198 1036 1224 a
1058 1185 1181 1229 SSrho
1203 1185 1384 1225 Domino
1416 1186 1560 1224 Nostro
1576 1186 1758 1224 obtinuit
1781 1184 1831 1224 ad

499 1239 826 1293 quinquennium
871 1250 941 1287 pro
973 1238 1245 1277 translatione
1279 1238 1483 1277 dictarum
1517 1237 1727 1276 Missarum
1760 1240 1824 1277 sex

496 1307 521 1335 a
537 1293 725 1342 praedid'co
756 1291 956 1329 Oratorio
975 1291 1013 1330 S.
1031 1290 1196 1341 Joannis
1212 1290 1394 1339 Baptistae
1423 1291 1471 1329 ad
1488 1292 1666 1330 alterum
1689 1291 1829 1330 Sacel-

499 1347 589 1386 lum
606 1345 643 1384 S.
657 1343 819 1394 josephi
836 1344 1018 1383 ered‘tnm
1039 1342 1143 1382 infra
1157 1343 1256 1382 fines
1277 1344 1394 1383 dist-ae
1416 1343 1669 1382 Parochialis
1686 1344 1827 1382 Eccle-

498 1401 560 1439 fia:
580 1398 618 1436 S:
638 1396 816 1435 Hilarii.
847 1396 992 1434 Gratia
1010 1398 1088 1434 haec
1108 1397 1174 1434 vix
1194 1396 1376 1435 innotuit
1398 1397 1543 1439 incolis
1575 1400 1800 1445 Angqgnano
1816 1420 1830 1441 ,

500 1452 539 1493 &
556 1449 932 1496 Archipresbytero
949 1450 1124 1485 Rontanae
1138 1474 1150 1491 ‚
1180 1457 1225 1486 ut
1241 1449 1374 1487 statim
1409 1449 1449 1487 hi
1465 1450 1652 1499 querelas
1666 1450 1835 1488 detule-

499 1504 583 1544 rint
601 1503 649 1541 ad
668 1500 839 1538 SSrhum
858 1499 1388 1550 DominumNostrum‚quae
1405 1513 1500 1539 cum
1517 1502 1566 1540 ad
1595 1502 1633 1541 S.
1651 1501 1834 1550 Congre-

495 1556 711 1608 gationem
729 1565 822 1591 cum
837 1552 1025 1591 omnibus
1043 1551 1309 1591 facultatibus
1332 1550 1562 1592 necesariis
1584 1579 1598 1597 ,
1626 1555 1664 1594 Sc
1682 1566 1828 1603 oppor-

495 1609 610 1650 tunis
629 1607 825 1654 ablegatae
841 1603 996 1644 fuerint
1014 1618 1028 1644 2·
1044 1604 1166 1643 Nunc
1182 1604 1234 1644 de
1246 1606 1416 1651 justitia,
1433 1606 1470 1646 Sc
1488 1606 1710 1651 validitate
1726 1617 1838 1657 quae·

498 1661 604 1699 ritnr
622 1659 800 1704 ejusdem
819 1656 1104 1695 translationis
1132 1685 1143 1696 .

448 1713 645 1764 Inquiunt
668 1711 816 1749 Incolae
835 1709 1030 1757 Regionis
1047 1710 1280 1758 Angogncmo
1298 1735 1312 1755 ,
1332 1711 1370 1750 ὃς
1389 1723 1482 1750 cum
1513 1711 1573 1751 eis
1602 1710 1832 1759 Archipre-

495 1768 637 1814 sbyter
656 1762 842 1801 Ecclesiae
861 1761 1110 1805 Parochialis
1135 1760 1367 1808 de‘Rorrtana
1388 1788 1400 1807 ‚
1429 1765 1599 1802 exclara
1629 1764 1838 1803 Fundato-

499 1818 555 1857 ris
573 1817 664 1866 lege
684 1815 804 1853 Sacra
821 1815 861 1852 in
892 1813 1091 1856 Oratorio
1119 1814 1160 1854 S.
1175 1814 1338 1864 Joannis
1360 1815 1541 1863 Baptistae
1558 1816 1712 1865 agenda
1730 1815 1807 1855 effe
1823 1827 1837 1853 z

498 1869 693 1911 Vetitam
709 1867 865 1906 idcirco
894 1879 915 1905 a
943 1868 1033 1912 jure
1062 1865 1140 1906 effe
1174 1879 1316 1906 eorum
1351 1868 1566 1910 Sacrorum
1597 1867 1840 1907 translatio-

497 1934 595 1961 nem
612 1921 662 1961 ad
681 1920 794 1960 aliud
826 1919 1076 1958 Oratorium
1100 1920 1136 1959 S.
1154 1919 1314 1968 josephi
1334 1919 1421 1960 fere
1437 1932 1508 1968 per
1539 1921 1718 1971 quinque
1745 1920 1842 1959 mil·

498 1975 622 2014 liaria
646 1972 828 2013 diffitum
860 1972 972 2012 Clem.
1009 1976 1095 2020 quia
1111 1976 1287 2021 contingit
1303 1975 1348 2010 de
1369 1973 1489 2021 Relig.
1508 1974 1642 2016 domib.
1674 1972 1840 2012 Potiffi-
1867 2008 1871 2010 .

498 2039 614 2067 mum
632 2026 726 2078 quia
746 2025 785 2063 in
805 2024 896 2070 casu
915 2035 979 2064 res
999 2027 1052 2063 est
1082 2025 1132 2064 de
1152 2026 1314 2073 publico
1346 2025 1548 2065 Oratorio
1573 2026 1623 2064 ad
1649 2036 1841 2064 commu-

501 2091 598 2119 nem
619 2079 853 2122 Incolarum
868 2080 1098 2126 Angognano
1116 2078 1347 2117 utilitatem
1369 2078 1556 2118 extrue‘to
1573 2102 1587 2122 ‚
1615 2091 1690 2118 nec
1723 2090 1836 2116 non-2

500 2131 554 2171 de
586 2131 770 2181 Regione
793 2130 1028 2177 praedilet‘ta
1046 2156 1059 2176 ‚
1082 2131 1120 2169 in
1163 2143 1239 2180 qua
1258 2130 1464 2170 Fundator
1480 2130 1745 2169 domicilium
1763 2132 1836 2168 ha-

501 2185 647 2224 buerat
664 2208 677 2228 ‚
709 2185 746 2223 Sc
761 2182 929 2227 demum
942 2183 1036 2233 quia
1054 2195 1177 2233 grave
1196 2184 1398 2233 irrogatur
1419 2183 1699 2232 praejudicium
1713 2181 1841 2224 dietis,

498 2237 649 2276 incolis
670 2248 747 2275 non
765 2245 852 2276 tam
868 2236 997 2281 objus
1030 2237 1239 2287 quaefitum
1271 2248 1341 2285 per
1369 2237 1537 2285 longum
1566 2235 1742 2285 spatium
1770 2246 1844 2274 an-

501 2302 650 2330 norum
673 2302 760 2333 150·
778 2314 791 2334 ‚
823 2288 892 2329 sed
909 2288 1035 2328 etiarn
1052 2288 1103 2327 ob.
1129 2288 1302 2335 nimiam
1338 2288 1571 2327 distantiam
1588 2313 1601 2333 ‚
1630 2287 1669 2328 Sc
1686 2287 1839 2333 imper-

503 2343 619 2381 vium
633 2342 714 2381 iter
741 2342 791 2380 ad
808 2341 1030 2381 Ecclesiam
1045 2340 1410 2385 parochialemnta
1431 2349 1476 2379 ut
1495 2341 1649 2379 nonnifi
1684 2338 1839 2378 diffici-

502 2394 636 2441 lime‚
666 2394 927 2445 maximoque
952 2406 1047 2432 cum
1077 2393 1298 2437 iucomodo
1329 2393 1460 2434 etiam
1475 2394 1614 2432 diebus
1643 2391 1751 2438 festis
1787 2389 1840 2432 ad

502 2460 593 2487 eam
611 2447 760 2497 poffint
776 2447 1000 2486 accedere.

447 2500 508 2542 Hi
524 2512 560 2538 ic
588 2508 762 2550 arguunt
779 2525 791 2544 ‚
811 2499 1128 2539 translationem
1158 2499 1322 2548 penitus
1344 2497 1419 2543 esse
1441 2497 1682 2539 irritandam
1698 2527 1709 2539 .
1737 2496 1838 2547 Eam
1888 2528 1891 2534 Δ

505 2562 650 2600 aperte
667 2550 914 2598 secumferre
931 2552 1307 2591 commutationem
1324 2552 1550 2594 voluntatis
1571 2549 1832 2594 Fundatoris.
1889 2579 1891 2585 ,

503 2618 589 2656 quae
609 2617 831 2656 numquam
846 2604 884 2644 in
901 2605 1020 2645 tertii
1038 2604 1318 2653 praejudicium
1348 2604 1597 2655 indulgenda
1611 2605 1691 2646 est,
1722 2614 1833 2652 quae·
1885 2618 1890 2627 ·

503 2670 581 2707 que
600 2657 748 2696 saltem
765 2659 916 2702 nonnisi
936 2670 1033 2698 nece
1044 2653 1150 2696 (saria
1169 2683 1181 2701 ‚
1199 2658 1235 2696 Sc
1258 2659 1355 2702 justa
1375 2666 1548 2706 urgente
1574 2655 1691 2696 causa
1707 2654 1834 2703 largi·
1884 2668 1889 2682 ·

501 2711 534 2749 ri
554 2710 675 2749 debet
701 2738 710 2748 .
745 2709 917 2748 Nullam
936 2709 1219 2749 translationis
1239 2709 1523 2750 neceffitatem
1552 2705 1706 2753 adesse,
1738 2717 1835 2745 cum
1882 2719 1887 2745 ,¹

503 2762 750 2804 Oratorium
767 2762 803 2803 S.
817 2761 983 2813 Joannis
1000 2762 1178 2812 Baptistae
1203 2762 1399 2804 idoneum
1417 2764 1463 2803 fit
1480 2788 1494 2810 ‚
1522 2772 1570 2802 ac
1585 2756 1835 2816 sufficienter
1881 2769 1886 2796 t

1785 2822 1846 2850 in-
1879 2830 1883 2839 ·
