1924 2970
60 212 158 261 Seffl
168 226 230 259 24.
250 220 325 261 cap.
337 224 350 250 ι
362 224 396 250 2.

65 258 284 314 deRefhrm.

513 170 587 206 ,ιω
1068 147 1230 207 4(ΜοῘὶ
1261 161 1376 196 1771·
1411 200 1417 205 ,
1527 201 1533 206 ,
1606 200 1611 203 ,
1769 197 1794 207 .-

557 205 905 247 ALARIT-ANA
924 233 934 244 .
953 201 1017 241 Ad
1035 202 1265 241 dirimenda
1286 199 1444 240 dissidxa
1477 201 1581 239 olim
1611 208 1752 239 exorta
1787 213 1848 240 m-

572 271 636 300 ter
654 259 885 299 Canonicos
899 265 1124 303 nuncupat.
1144 257 1188 292 de
1202 255 1463 298 Praehenda‚&
1482 252 1752 293 Beneficiatos
1768 253 1848 292 Ca-

509 313 715 354 tnedralis
733 312 921 351 Ecclefiae
941 308 1188 348 Calaritanae
1209 333 1222 352 ‚
1243 308 1588 355 Archiepiscopus
1615 314 1717 343 tunc
1742 315 1850 344 tem-

511 366 618 416 poris
637 364 880 414 exequendo
896 370 1083 400 mentem
1104 360 1375 400 Sac.Rituum
1391 358 1735 408 congregationis
1753 370 1850 396 con-

512 420 699 458 cordiam
718 416 947 456 conciliare
964 413 1132 462 sategit,
1153 414 1414 461 eaquejuxta
1430 412 1547 460 ipsius
1566 420 1661 449 vota
1680 411 1848 449 tandem

514 472 725 520 completa
758 467 952 508 remanfit
968 495 978 504 .
1012 464 1228 504 Statuturn
1246 464 1284 503 in
1303 478 1352 505 ea
1372 478 1450 514 prae
1466 464 1627 504 caeteris
1657 461 1739 502 fuit
1759 486 1772 506 ‚
1802 473 1849 502 ut

511 526 577 565 sex
593 521 836 563 Beneficiati
854 522 1113 569 erigerentur
1127 517 1170 556 ‘in
1186 517 1367 557 totidem
1383 517 1611 556 Canonicos
1639 516 1854 565 appellan-

510 577 583 616 dos
599 578 646 615 de
662 575 789 615 stalla
805 599 819 619 ‚
843 575 921 613 five
938 574 983 609 de
988 569 1084 620 solio
1102 594 1115 614 ,
1143 570 1213 618 qui
1247 578 1490 610 tenerentur
1519 573 1682 608 intonare
1712 568 1853 608 l'lnvi-

510 634 643 668 ratario
663 627 876 678 negl'uffizj
896 622 1132 668 Canonicali,
1164 637 1182 660 ι·
1212 623 1428 669 pontificali
1443 650 1456 669 ,
1487 621 1576 660 nelli
1593 623 1694 674 quali
1722 633 1851 662 canta·-

509 684 705 730 rannosolo
724 683 755 719 li
771 681 949 718 Canonici
962 677 1150 723 (ssscilicet
1167 675 1217 713 de
1237 676 1450 715 Praebenda
1468 678 1484 721 )
1514 676 1732 726 l'Antifone
1762 681 1850 717 αἶα-ι
1879 680 1881 683 ⁴

502 734 588 784 suoi
601 735 717 774 stalli
735 747 744 772 ε
765 733 864 772 Ρσνό
879 729 1068 781 negl'altri
1095 729 1177 778 uffiz
1176 743 1202 782 J
1222 731 1582 780 doppiscenderanno
1615 733 1687 769 due
1715 734 1762 771 de
1780 734 1855 771 Ca-

510 792 894 829 nonicinuovamente
907 787 1018 824 eretti
1033 785 1084 820 ad
1092 787 1263 821 intonare
1280 784 1295 821 l
1300 783 1498 830 'Amisene
1509 785 1674 821 Secunda
1688 810 1700 829 ‚
1719 799 1738 823 e
1753 786 1846 823 Ter·

510 853 633 885 zauno
657 851 724 890 per
737 849 843 884 parte
861 864 874 883 ‚
891 854 909 878 e
921 837 1012 877 nelli
1026 835 1241 888 Semidoppj
1271 836 1537 874 l’intoneranno
1550 835 1581 873 li
1606 837 1852 884 Benefizjatt’,

502 894 711 944 scendendo
720 895 769 930 da
775 893 863 940 fimi
877 891 998 930 stalli
1013 889 1051 927 al
1065 887 1100 925 F
1102 888 1290 939 aldistorio
1307 902 1316 927 :
1335 892 1367 928 E
1381 888 1567 927 nell’altre
1584 892 1816 935 intonazioni
1833 914 1851 936 ,

512 961 532 984 e
546 948 751 985 Ceremom‘e
768 945 938 993 s‘offervi
954 969 966 989 ,
985 957 1003 980 e
1018 942 1223 993 s’adempia
1239 943 1269 981 il
1283 943 1450 981 lodevole
1464 966 1477 987 ‚
1495 942 1542 979 ed
1557 947 1676 982 amico
1688 943 1842 995 costuma·

512 1001 553 1037 dt·
564 1001 686 1050 questa
705 998 835 1047 Lhiesa
853 995 1089 1041 Primaziale
1108 1027 1120 1038 ,

456 1049 736 1092 Concordiam
771 1053 874 1091 hanc
892 1050 941 1090 ad
971 1061 1117 1099 preces
1148 1048 1335 1099 Capituli
1367 1049 1631 1090 Cathedraiis
1660 1051 1709 1088 sa.
1725 1062 1853 1090 mem.

509 1104 698 1145 Urbanus
715 1104 837 1146 v111.
861 1105 900 1143 in
920 1103 1057 1143 forma
1079 1103 1268 1151 specifica
1286 1101 1546 1142 confirmavit
1583 1116 1652 1152 per
1671 1104 1854 1143 Litteras

506 1157 764 1207 Apostolicas
783 1183 796 1202 ‚
814 1155 1166 1205 clausulasublata
1183 1183 1195 1202 ,
1217 1158 1256 1197 Sc
1271 1158 1417 1195 decreto
1435 1159 1609 1194 irritante
1643 1156 1822 1195 munitas
1843 1185 1856 1196 .

510 1209 617 1249 Cum
645 1219 787 1250 tamen
817 1209 930 1250 circa
964 1210 1080 1251 illius
1101 1209 1443 1257 'intelligentiam
1462 1233 1475 1252 ‚
1510 1210 1576 1249 seu
1602 1209 1860 1248 declaratio·

511 1274 609 1302 nem
626 1276 707 1302 non
722 1264 838 1303 leves
857 1272 961 1305 ottae
981 1261 1148 1303 subinde
1163 1262 1320 1303 fuerint
1354 1263 1637 1301 controverflae
1655 1276 1669 1302 ,-
1699 1263 1856 1301 idcirco

512 1314 556 1355 in
569 1315 907 1366 Congregatione
925 1317 1012 1357 diei
1048 1328 1107 1362 17.
1136 1314 1317 1364 Ianuarii
1340 1321 1454 1359 1761.
1490 1316 1670 1366 quinque
1703 1315 1857 1353 dubia.»

511 1367 726 1417 disputare
747 1370 936 1417 oportuit
955 1396 969 1415 ‚
986 1378 1112 1418 atque
1130 1367 1242 1408 inter
1257 1377 1406 1408 caetera
1425 1369 1630 1417 quaefitum
1649 1366 1728 1406 fuit
1750 1367 1854 1408 1v.=

512 1423 584 1460 An
595 1422 772 1468 prediti}
789 1423 960 1460 canonici
978 1428 994 1468 (
1011 1420 1159 1466 nempe
1176 1421 1227 1459 de
1243 1422 1347 1459 solio
1362 1423 1376 1464 )
1390 1423 1510 1469 poffint
1525 1434 1652 1459 canere
1669 1423 1857 1470 Antipho-

514 1486 579 1511 ηας
598 1497 612 1517 ,
642 1474 686 1516 &¹
701 1471 927 1512 Invitatoria
942 1486 990 1512 ex
1000 1475 1157 1521 propriis
1172 1470 1311 1510 stallis
1328 1496 1341 1516 ,
1359 1473 1431 1519 seu
1444 1476 1564 1521 potius
1594 1484 1791 1513 teneantur
1816 1476 1857 1512 in

515 1529 564 1564 iis
592 1527 770 1564 canendis
795 1529 971 1566 accedere
1000 1526 1051 1562 ad
1078 1524 1341 1575 Faldxstorium
1357 1542 1386 1563 =
1414 1526 1452 1566 Sc
1468 1527 1714 1575 Stesponsum
1733 1526 1813 1566 fuit
1829 1543 1860 1564 =

513 1577 680 1619 AdrIV.
700 1579 1045 1629 servetursblitum
1062 1593 1092 1616 z
1118 1576 1421 1629 Renovatoque
1449 1580 1682 1620 certamine
1710 1580 1778 1620 dic
1798 1593 1859 1629 ¹4·

516 1631 727 1672 Februarii
747 1637 862 1679 1'67.
890 1632 1107 1679 perstitum
1139 1632 1193 1670 est
1222 1636 1262 1669 in
1291 1634 1416 1680 dectsss
1429 1662 1438 1671 .
1477 1633 1633 1673 Verum
1663 1645 1742 1672 non
1761 1633 1859 1672 satis

515 1686 596 1725 hoc
614 1683 741 1722 modo
761 1684 838 1723 suis
852 1685 1011 1730 juribus
1042 1683 1276 1724 consultum
1293 1685 1571 1724 existimantes
1589 1685 1789 1725 Canonici
1807 1685 1858 1726 dc

514 1736 620 1776 solio
637 1760 651 1780 ‚
667 1749 822 1776 novum
852 1737 1022 1776 dubium
1055 1736 1093 1774 in
1123 1737 1241 1776 calce
1271 1738 1561 1786 transcriptum
1593 1746 1825 1787 proponunt
1842 1764 1856 1785 ,

518 1790 636 1836 ‚cujus
655 1790 958 1831 resolutionem
982 1790 1030 1829 ab
1060 1789 1138 1828 EE.
1157 1787 1250 1829 VV.
1271 1790 1492 1839 exposcunt
1506 1818 1517 1829 .

467 1836 564 1892 Non
583 1851 763 1882 renuunt
783 1842 852 1891 ipfi
870 1843 919 1882 ad
942 1841 1227 1882 Faldistorium
1245 1843 1442 1882 accedere
1459 1854 1531 1891 pro
1558 1843 1774 1883 cantandis
1793 1843 1856 1882 In-

518 1894 732 1934 vitatoriis
750 1921 763 1940 ‚
795 1907 842 1936 ac
861 1895 1072 1935 nonnuliis
1095 1895 1350 1944 Antiphonis
1370 1921 1383 1940 ,
1410 1905 1531 1944 prout
1563 1896 1602 1934 in
1629 1896 1861 1936 Concordia

521 1957 694 1987 cautum
712 1945 822 1989 fuit,-
843 1949 922 1988 Sed
949 1949 1128 1999 reliquas
1149 1948 1410 1997 Antiphonas
1428 1972 1441 1992 ,
1475 1949 1525 1987 de
1545 1949 1689 1997 quibus
1721 1950 1759 1988 in
1781 1960 1859 1989 ea,

522 2013 606 2040 non
623 1999 669 2039 fit
695 2002 1025 2046 mentio‚canere
1045 2000 1304 2041 contendunt
1321 2014 1368 2040 ex
1389 2001 1562 2050 propriis
1581 2002 1724 2040 StaIIis
1743 2032 1753 2041 .
1785 2003 1862 2041 Su-

518 2053 668 2093 stinent
686 2054 815 2100 enim,
834 2054 1096 2106 quaestionem
1118 2055 1155 2092 in
1176 2054 1246 2092 isto
1274 2055 1364 2093 casu
1383 2067 1460 2092 non
1489 2053 1566 2094 effe
1585 2054 1861 2094 definiendam

520 2107 635 2153 juxta
661 2106 834 2147 solitum
851 2132 865 2152 ‚
883 2107 952 2148 sed
969 2109 1019 2147 ad
1037 2106 1232 2146 tramites
1249 2107 1481 2146 concordiae
1498 2107 1732 2156 Apostolica
1764 2118 1859 2146 cou-

520 2158 758 2199 firmatione
780 2160 979 2200 roboratae
995 2185 1008 2204 ‚
1045 2171 1136 2199 cum
1154 2160 1432 2200 recedendum
1459 2160 1506 2199 fit
1523 2171 1543 2197 a
1561 2160 1684 2198 solito
1703 2184 1716 2205 ‚
1749 2159 1861 2210 quod

522 2212 688 2251 abusum
709 2212 814 2258 sapit
831 2239 845 2258 ‚
879 2214 918 2254 ὃς
936 2214 1217 2261 corruptelam
1237 2239 1250 2258 ,
1269 2212 1429 2264 quando
1451 2214 1564 2261 patsta
1582 2237 1595 2258 ,
1631 2213 1667 2252 St
1683 2216 1862 2252 conven-

523 2264 662 2303 tiones
679 2264 949 2305 adversantur
962 2266 1013 2306 ad
1034 2268 1140 2304 Text.
1159 2270 1200 2303 in
1216 2266 1287 2315 leg.
1302 2266 1486 2314 Primaff.
1514 2265 1560 2302 de
1589 2266 1711 2304 Paflis
1728 2290 1740 2310 ‚
1767 2269 1857 2313 Cap.

525 2316 758 2367 Qodfhmel
773 2321 818 2356 de
829 2319 994 2373 reg.jur.
1013 2321 1055 2358 in
1070 2324 1109 2358 6.
1129 2347 1141 2358 .
1157 2319 1340 2360 Abusum
1357 2328 1497 2358 autem
1513 2326 1613 2357 tunc
1629 2317 1860 2367 dici‚quan-

524 2369 578 2408 do
597 2369 636 2407 in
653 2369 793 2419 aliqua
808 2370 1075 2411 universitate
1095 2372 1259 2410 novitas
1279 2371 1490 2410 invehitur
1507 2395 1520 2413 ‚
1554 2383 1638 2420 quae
1658 2368 1862 2409 diffonan-

524 2421 628 2462 tiam
646 2421 756 2462 inter
771 2422 961 2463 Membra
984 2422 1233 2471 praeseferat,
1251 2425 1312 2469 jus
1326 2423 1450 2462 laedat
1468 2450 1480 2467 ‚
1495 2425 1609 2472 pacta
1629 2424 1860 2468 subvertat,

522 2476 672 2513 statuta
699 2474 835 2515 violet
853 2500 867 2519 ‚
901 2485 1029 2528 atque
1062 2474 1288 2524 pessumdet
1320 2490 1334 2516 ‚·
1365 2477 1540 2526 ideoque
1576 2474 1828 2514 consuetudo
1844 2499 1859 2518 ‚

525 2539 612 2577 quae
627 2526 723 2566 inde
740 2539 901 2567 manare
921 2529 1077 2575 potuit,
1094 2537 1291 2579 tanquam
1313 2529 1604 2568 irrationabilis
1618 2529 1788 2567 omnino
1804 2528 1858 2566 est

525 2578 770 2618 eradicanda
790 2607 803 2624 ‚
814 2580 922 2629 gloffi
939 2586 979 2620 in
1002 2583 1089 2631 Cap.
1106 2583 1180 2621 A.)
1193 2584 1265 2620 haec
1284 2583 1399 2621 Verb.
1420 2582 1538 2620 Celeri
1551 2583 1597 2619 de
1612 2581 1774 2630 rescript.

473 2629 612 2676 Hujus
640 2632 804 2680 generis
823 2632 901 2673 esse
918 2633 1064 2674 dicunt
1093 2634 1232 2678 usum,
1263 2635 1329 2674 seu
1354 2634 1695 2674 consuetudinem
1727 2630 1860 2670 inCa-

526 2683 664 2733 pitulo
683 2683 926 2725 Caiaritano
941 2687 1148 2726 invectam
1167 2713 1181 2732 ‚
1212 2687 1319 2738 quod
1336 2686 1535 2726 Canonici
1566 2688 1616 2726 de
1645 2686 1746 2725 solio
1784 2695 1857 2730 pro

527 2736 716 2783 omnibus
734 2736 1002 2780 decantandis
1019 2739 1270 2791 Antiphonis
1288 2741 1447 2792 propria
1463 2741 1556 2781 loca
1569 2739 1753 2831 desereike
1783 2736 1857 2775 de-

1748 2802 1826 2832 ean
