1924 2970
52 179 76 205 ·.
278 189 281 192 ,
547 149 901 198 3.Augnst;1771.
1334 171 1402 204 173

38 198 302 240 'instrustnm
320 226 332 246 ,
360 202 398 241 Sc
417 200 572 240 reditus
600 200 849 249 Capellaniae
865 214 996 242 annua
1029 206 1142 245 scuta
1165 222 1252 248 200.
1281 222 1403 251 exee-

67 253 212 290 dentes
249 256 368 305 ionge
399 256 649 293 exhuberent
676 253 725 292 ad
743 266 844 292 onus
863 253 1077 295 ferendum
1111 260 1399 302 sexMiil'arum

68 305 233 352 singulis
270 305 531 347 hebdomadis
550 317 560 343 ε
579 305 784 352 Expositas
805 319 902 346 vero
929 310 1065 348 causas
1098 323 1175 349 non
1207 322 1289 352 tam
1320 316 1402 355 sal-

68 359 128 396 sas
145 357 220 397 elle
236 386 248 404 ‚
264 371 382 410 quam
412 358 538 397 etiam
558 358 717 404 ineptas
734 357 784 396 ad
803 361 1086 401 translationis
1104 364 1397 413 gratiam,cuin

71 422 232 450 merum
250 411 467 450 comodum
482 407 694 457 Capeliani
715 410 934 458 respiciant
950 439 963 459 ‚
981 415 1088 463 quod
1106 416 1271 463 penitus
1290 419 1397 465 sper-

69 464 247 505 nendum
264 465 315 503 est
330 489 342 508 ‚
362 462 580 511 praesertim
598 461 757 511 quando
773 489 785 507 ‚
813 474 934 513 prout
971 466 1010 504 in
1043 468 1133 506 casu
1147 491 1160 511 ‚
1196 468 1401 510 Fundator

73 529 175 558 onus
188 515 422 555 celebrandi
442 514 562 561 perse
580 515 710 559 ipsum
742 528 819 554 non
836 517 1012 562 injunxit
1029 544 1041 563 ‚
1073 519 1130 558 ita
1149 529 1194 558 ut
1216 523 1396 562 comode

73 571 200 611 etiam
218 580 285 616 per
302 568 430 609 alium
448 578 572 606 onera
589 566 803 614 Sacrorum
826 568 866 607 in
881 569 1086 620 designata
1108 572 1285 614 Ecclesia
1316 575 1397 614 im-

76 624 190 673 piere
211 621 348 661 valeat
364 650 374 660 .

24 673 246 723 Perperam
263 685 361 712 vero
381 670 547 720 excipi,
580 672 691 713 idem
705 673 860 721 semper
876 673 1060 718 futurum
1078 676 1306 727 suffragium
1324 680 1403 720 five

73 725 114 766 in
133 739 212 765 uno
229 750 242 770 ,
257 726 337 765 five
353 726 390 764 iu
406 725 542 764 altero
558 725 758 764 Oratorio
779 725 899 766 Sacra
915 731 1275 782 peragantur‚quia
1295 732 1405 771 Fun-

73 778 195 818 dator
211 790 288 816 non
310 777 554 826 simpliciter
571 789 670 815 onus
689 775 900 817 Miffarum
921 779 1126 827 injunxit,
1151 783 1218 822 sed
1247 784 1404 823 etiam..

78 831 324 870 Oratorium
341 829 564 879 &joannis
583 828 765 877 Baptistae
780 828 1008 879 designavit
1027 859 1038 877 ,
1063 845 1136 872 nec
1155 834 1403 876 Fundatoris

78 884 342 922 voluntatem
363 881 555 930 impleri,
590 881 660 919 nili
690 880 727 919 in
746 881 954 931 designato
969 883 1169 924 Oratorio
1186 886 1305 926 Sacra
1338 901 1410 937 pe-

75 944 292 985 ragantur.
309 933 399 973 Nec
418 933 619 971 momenti
656 929 761 989 esse,
779 933 886 982 quod
903 935 1123 981 hodiernus
1154 937 1407 985 Capelianus

78 1000 239 1038 quoque
269 987 317 1024 fit
346 993 634 1034 compatronus
655 996 665 1022 :
688 984 763 1022 Ait
794 985 903 1023 enim
922 987 1146 1027 Patronum
1163 1002 1185 1028 a
1208 988 1413 1035 Fundato·

76 1040 132 1078 ris
149 1040 363 1078 voluntate
381 1049 459 1076 non
486 1035 589 1086 posse
604 1035 824 1076 deflet‘tere
842 1063 854 1083 ,
887 1037 953 1078 sed
973 1039 1056 1078 imo
1084 1053 1134 1079 eo
1164 1042 1291 1091 magis
1321 1055 1414 1082 eam

74 1093 221 1130 sartam
238 1115 251 1134 ‚
285 1091 517 1138 tenamque
550 1089 657 1128 tueri
687 1089 835 1129 debere
867 1118 877 1136 ,
926 1089 997 1131 Nil
1026 1093 1193 1133 demum
1224 1093 1377 1136 referre
1398 1120 1413 1141 ‚

75 1143 182 1194 quod
201 1153 262 1182 res
280 1143 325 1180 sit
343 1142 392 1182 de
412 1141 684 1192 translatione
701 1150 970 1188 temporanea
999 1145 1046 1183 ad
1080 1146 1409 1196 quinquennium

75 1204 239 1235 tantum
257 1219 271 1239 ‚
308 1195 401 1247 quia
415 1195 494 1233 sive
511 1194 559 1232 ad
575 1203 739 1241 tempus
757 1219 768 1238 ,
785 1194 866 1234 five
886 1196 923 1233 in
957 1206 1202 1244 perpetuum
1234 1201 1407 1239 transla-

76 1248 138 1286 tio
152 1248 220 1286 fiat
240 1273 251 1292 ,
268 1247 424 1296 semper
441 1245 582 1285 redeat
601 1246 637 1284 in
659 1255 841 1293 apertam
859 1250 1232 1294 commutationem
1255 1253 1408 1291 volun·
1472 1263 1477 1267 ”

78 1300 182 1339 tatis
198 1299 438 1345 Fundatoris
455 1322 468 1341 ‚
482 1300 519 1338 ὃς
535 1298 573 1338 in
588 1298 875 1346 praejudicium
894 1302 1125 1341 incolarum
1150 1306 1370 1351 Angognano
1389 1330 1403 1349 ‚

76 1353 256 1393 maxime
276 1352 370 1401 quia
386 1351 488 1389 nihil
509 1350 603 1389 inde
619 1349 783 1395 facilius
801 1350 910 1391 foret
927 1378 940 1398 ,
965 1366 1084 1404 quam
1101 1356 1292 1394 ulteriori
1314 1368 1408 1404 pro-

75 1404 292 1454 rogatione
311 1404 360 1442 ad
378 1402 538 1451 longius
568 1412 730 1450 tempus
749 1402 867 1443 Sacra
900 1408 1147 1446 transferre.
1181 1407 1288 1446 Hinc
1316 1420 1411 1447 con-

77 1456 251 1497 cludunt
265 1480 278 1499 ‚
298 1458 512 1494 obtentam
530 1454 846 1493 translationem
865 1456 943 1495 esse
966 1459 1238 1497 revocandam
1254 1484 1266 1503 ‚
1301 1472 1420 1506 pror-

79 1510 221 1560 susque
241 1508 482 1546 irritandam
498 1507 656 1550 l.7.Cod.
676 1508 721 1543 de
733 1509 867 1555 precib.
883 1510 1012 1553 Imper.
1034 1510 1169 1557 offbrr„
1187 1514 1229 1554 &⁶
1263 1510 1347 1549 Rot.
1378 1515 1416 1548 in

80 1561 246 1598 Romana
262 1559 510 1598 celebrationis
521 1557 719 1607 Miffarusae
740 1571 799 1601 13.
820 1559 933 1608 Junii
954 1576 967 1600 1
980 1575 1068 1608 732.
1102 1570 1138 1605 5.
1175 1563 1410 1615 quuam

87 1627 204 1651 coram
222 1611 439 1662 Calcagnino
452 1640 462 1660 2
825 1616 827 1619 '

28 1663 203 1714 'Addunt
218 1677 397 1716 quoque,
414 1666 624 1702 obtentam
641 1663 958 1703 translationem
976 1665 1231 1714 obreptionis
1249 1692 1262 1712 ‚
1279 1669 1317 1707 Sc
1336 1669 1421 1706 sub-

84 1719 284 1766 reptionis
300 1717 405 1762 vitio
422 1713 616 1755 infectam
637 1714 732 1757 esse,
749 1727 842 1754 cum
863 1718 1010 1754 nullibi
1028 1727 1237 1764 narratum
1258 1720 1324 1757 vel
1343 1733 1416 1758 co-

82 1770 252 1809 modum
269 1792 282 1812 ‚
300 1770 366 1808 vel
381 1766 592 1807 necessitas
609 1791 623 1810 ‚
644 1768 711 1814 vei
729 1769 791 1812 jus
814 1770 1025 1818 quaefitum
1043 1769 1195 1808 Incolis
1214 1772 1420 1821 Angogna-

81 1823 122 1861 m‘
153 1823 191 1860 in
208 1827 292 1860 tam
309 1822 494 1870 longaevo
509 1819 639 1867 spatio
673 1821 888 1858 Annorum
916 1834 1002 1864 150.
1019 1844 1035 1860 ,κ
1066 1821 1240 1862 Reticiti
1259 1826 1416 1863 etiam.»

80 1872 238 1914 fuerint
254 1872 459 1922 conspicui
477 1871 727 1920 Capelianiae
743 1872 900 1924 redi-tus
917 1886 1049 1920 annua
1082 1875 1194 1915 scuta
1225 1889 1312 1916 200.
1346 1888 1416 1915 ex-

83 1926 358 1971 cedentes‚ita
376 1934 421 1964 ut
438 1924 594 1963 abunde
611 1937 680 1971 per
701 1925 829 1963 alium
848 1926 964 1973 possit
982 1926 1229 1974 Capellanus
1256 1928 1294 1966 in
1315 1929 1418 1968 defi-

84 1988 210 2029 gnato
234 1978 430 2018 Oratorio
460 1977 579 2015 Sacra
610 1977 782 2024 implere
799 1990 813 2017 ,-
842 1977 995 2017 Contra
1028 1992 1124 2018 vero
1155 1979 1255 2019 falso
1273 1980 1418 2030 sugge-

84 2033 186 2070 stum
200 2029 326 2070 fuerit
344 2054 357 2074 ‚
375 2030 529 2069 reditus
545 2028 796 2078 Capelianiae
819 2029 935 2069 vaide
955 2040 1100 2071 tenues
1121 2031 1195 2071 esse
1219 2056 1231 2076 ‚
1252 2033 1290 2073 8(
1308 2033 1416 2072 Ora-

85 2092 219 2124 torem
247 2084 286 2122 in
313 2083 503 2132 proveeta
537 2091 660 2121 aetate
675 2081 973 2129 constitutum,
1009 2085 1200 2124 &curam
1231 2086 1409 2125 habere.»

85 2136 336 2186 propriarum
368 2142 566 2183 neptuum
583 2164 592 2173 .
616 2132 733 2183 Unde
745 2134 968 2174 advertunt
987 2159 1000 2179 ‚
1035 2137 1210 2185 gratiam
1238 2139 1340 2177 hanc
1365 2138 1416 2176 ob

87 2189 282 2237 suggestas
312 2187 510 2226 falsitates
529 2211 540 2230 ‚
576 2187 614 2226 3<
641 2186 852 2233 reticitam
886 2188 1110 2227 veritatem
1143 2188 1305 2236 penitus
1325 2188 1417 2227 irriu

92 2247 174 2278 tam
190 2265 203 2285 ,
221 2241 259 2280 &
275 2239 432 2278 nuliam
449 2237 527 2278 esse
543 2248 618 2287 cap.
633 2249 798 2276 caeterum
819 2252 853 2281 3.
871 2240 918 2275 de
933 2239 1115 2288 Rescript.
1133 2244 1172 2277 in
1188 2244 1227 2279 6.

48 2290 220 2338 Raphael
242 2293 459 2331 hodiernus
477 2289 722 2340 Capelianus
738 2291 839 2329 licet
856 2291 1009 2340 pluries
1026 2292 1210 2341 monitus
1228 2292 1409 2331 nondum

0 2350 1 2366 ¹
97 2344 180 2387 jura
197 2345 260 2382 sua
287 2344 456 2383 deduxit
475 2371 485 2382 .

43 2393 259 2444 Episcopus
289 2396 537 2436 Faventinus
555 2403 700 2434 votum
717 2406 788 2443 pro
806 2395 1080 2436 translatione
1098 2395 1301 2445 pandidit,
1319 2394 1415 2444 quia

97 2445 193 2483 idem
220 2456 281 2494 pro
307 2449 482 2495 defunffis
491 2448 712 2496 suffragium
727 2474 740 2493 ‚
755 2444 922 2495 Oratoris
940 2450 1194 2498 ingravescens
1212 2458 1299 2486 aetas
1314 2470 1327 2488 5
1357 2450 1414 2484 in-

102 2499 242 2535 comoda
270 2502 406 2538 itineris
435 2503 485 2538 ad
514 2503 725 2540 Oratorium
753 2503 798 2539 de
823 2503 1051 2549 Angognano
1077 2526 1090 2545 ‚
1137 2502 1232 2551 quod
1262 2498 1418 2549 hyemali

100 2560 255 2598 tempore
281 2552 354 2598 fine
385 2557 470 2591 vitae
495 2554 707 2601 discrimine
731 2549 942 2601 cui'cumque
972 2552 1145 2591 conacere
1185 2556 1254 2591 vix
1287 2554 1417 2589 datum

100 2603 152 2651 est
169 2626 181 2646 ‚
212 2604 416 2649 petitionem
430 2607 687 2651 Translationis
716 2619 854 2654 aequam
866 2605 1022 2653 probant
1038 2633 1048 2643 .

42 2654 244 2703 Qamvis
268 2652 509 2694 ‘fundatores
527 2660 576 2695 ob
589 2658 883 2697 excellentiam
903 2655 1103 2695 Sacrificii
1120 2663 1274 2698 totum,
1294 2654 1426 2692 idem-

95 2718 175 2757 que
195 2702 423 2753 suffragium
435 2708 643 2748 obtineant
661 2710 799 2748 sivein
817 2720 893 2747 una
909 2732 922 2753 ‚
949 2710 1029 2748 sive
1069 2708 1108 2746 in
1128 2709 1259 2747 altera
1279 2707 1422 2745 Eccle-

93 2759 145 2797 sia
161 2756 413 2797 Sacrificium
431 2756 554 2797 Miffae
569 2761 805 2811 impleatur,
822 2761 887 2801 ubi
903 2769 1042 2802 tamen
1059 2769 1172 2801 certa
1201 2754 1417 2847 *Ecclesaad

699 2836 701 2839 .
1378 2822 1421 2849 e-
