1924 2970
499 124 591 158 '134
1046 99 1362 152 13.Juliii77i.

492 170 619 202 eruta
636 155 794 196 fuerint
824 154 845 193 ὲ
866 152 1108 194 protocollo
1138 167 1383 204 pergamena
1413 153 1625 204 collegato
1641 181 1653 201 ,
1687 157 1726 195 in
1763 159 1849 208 que*
1866 171 1887 182 ··

501 217 582 253 alia
602 222 766 262 quoque
787 207 1084 247 Vilitationum
1102 207 1270 247 decreta
1305 208 1569 247 recensentur
1604 233 1617 252 ,
1648 211 1834 259 quamvis
1879 204 1886 214 ⁶

499 268 695 314 pleraque
714 260 1007 308 subscriptione
1026 270 1194 300 careant
1209 275 1223 301 ‚·
1240 261 1367 310 quue
1389 261 1484 299 satis
1502 259 1577 300 effe
1598 262 1647 299 ad
1666 274 1749 301 rem
1766 275 1839 302 an·-

501 315 774 367 tiquiffimam
792 312 1040 363 probandam
1069 337 1082 357 ‚
1111 314 1244 352 donec
1272 315 1502 364 oppositum
1528 312 1830 354 demonstretur

505 371 592 409 Rot.
609 369 827 418 decis.287.
846 378 990 409 nunus.
1005 375 1145 415 part.3.
1162 369 1315 406 Recent.

448 421 588 473 Pergit
604 421 760 460 deinde'
780 422 829 459 ad
847 419 1154 458 observantiam
1173 444 1185 465 ‚
1215 432 1334 469 quam
1351 419 1529 459 desumit
1557 427 1648 459 tum
1680 432 1728 459 ex
1746 431 1839 459 me-

503 475 676 515 moratis
710 471 898 521 Episcopi
932 470 1111 509 decretis
1143 494 1157 515 ‚
1200 479 1288 510 tum
1320 473 1450 511 etiam
1483 485 1531 513 ex
1561 471 1834 512 admistione,

504 530 554 568 acl
573 527 750 566 Stallum
767 525 805 563 in
824 524 963 563 Choro
980 547 993 567 ,
1025 524 1064 563 &
1083 522 1132 562 ad
1151 536 1297 563 vocem
1315 524 1354 564 in
1371 525 1570 574 Capitulo
1590 551 1604 570 ‚
1631 535 1721 565 tum
1738 538 1837 575 quo-

504 594 583 630 que
617 581 662 618 ab
680 576 884 617 exercitio
917 587 1136 615 munerum
1156 576 1343 623 Decani‚
1368 577 1596 618 Camerarii
1617 602 1630 623 ,
1667 579 1705 618 Sc.
1735 577 1839 616 Exa-

505 633 629 672 &oris
648 656 661 676 ‚
695 643 781 681 quae
799 629 893 668 aliis
912 627 1134 668 Canonicis
1159 629 1393 670 communia
1417 632 1509 670 sunt
1538 657 1551 676 ‚
1581 641 1670 670 tum
1706 629 1837 669 etiam

503 698 550 725 ex
572 686 812 725 interventu
847 684 896 721 ad
910 681 1167 731 Capitularia
1197 681 1382 722 Comitia
1414 707 1427 726 ‚
1457 685 1495 724 8:
1520 683 1758 723 admiffione
1785 681 1836 721 ad

497 741 565 785 ’jus
585 735 760 786 suffragii
780 760 793 780 ‚
828 736 929 774 licet
961 743 1154 784 ageretur
1183 735 1233 774 de
1266 736 1460 775 mercede
1480 761 1493 780 ‚
1524 738 1562 776 Sc
1594 736 1832 777 electione,

512 789 688 829 Sacristae
705 814 717 834 ,
732 787 961 827 Camerarii
980 811 992 831 ‚
1010 787 1268 828 Puncstatoris
1286 814 1298 834 ,
1315 790 1353 827 ὃ(
1371 788 1596 827 Secretarii
1614 813 1627 832 ‚

451 841 752 892 Perperamque
771 841 895 879 obiici
918 841 1158 890 rescriptum
1179 840 1568 890 S.Congregationis
1585 839 1678 880 anni
1702 844 1837 887 :6960

502 909 583 946 quo
613 894 847 934 Canonicus
866 893 1117 932 Constantini
1136 893 1217 934 fuit
1235 906 1256 933 a
1274 894 1445 933 servitio
1461 894 1587 933 Chori
1605 902 1822 942 exemptus

502 947 707 987 Advertit
725 946 835 985 enim
857 970 869 990 a
901 947 1144 993 rescriptum
1161 946 1437 996 subreptionis
1473 947 1580 985 vitio
1609 944 1804 985 laborasse
1822 969 1838 990 ,

498 999 695 1050 illudque
711 998 955 1048 Capitulum
986 999 1120 1038 statim
1146 997 1390 1049 oppugnaffe
1408 1029 1418 1039 .
1453 999 1659 1038 Observat
1687 1005 1837 1048 praete-

503 1055 591 1097 rea,
613 1050 962 1091 conditionalibus
980 1053 1115 1093 verbis
1131 1051 1247 1091 fuisse
1266 1060 1515 1102 conceptum
1530 1077 1544 1097 ‚
1560 1051 1722 1090 scilicet
1738 1074 1751 1094 ‚
1767 1063 1839 1089 ve-

500 1110 555 1146 ris
574 1105 984 1154 existentibusnarratis
998 1129 1011 1146 ‚
1043 1117 1115 1144 nec
1132 1105 1182 1143 ob
1200 1106 1485 1153 probationum
1501 1103 1710 1144 defet‘tum
1728 1102 1831 1141 Exe-

499 1158 689 1210 quutoris
708 1155 924 1196 decretum
942 1157 1128 1207 prodiiffe
1145 1183 1159 1202 ‚
1190 1158 1297 1207 quod
1333 1158 1370 1195 in
1402 1158 1501 1196 artis
1516 1154 1836 1204 Curiaefipisco-

498 1211 922 1262 palisnonrreperitur
938 1236 951 1255 ‚
970 1218 1090 1259 prout
1110 1210 1281 1258 reperiri
1298 1208 1496 1249 debuisset
1515 1234 1527 1254 ‚
1543 1212 1631 1248 Κατ.
1649 1207 1787 1255 decxsss
1798 1219 1831 1246 1.

499 1278 599 1303 uum.
617 1278 658 1303 ,1,
679 1275 797 1301 eoram
817 1265 962 1302 Duran.
987 1287 1000 1308 ‚
1032 1266 1075 1307 (ἓν
1102 1263 1212 1312 decis}
1231 1269 1320 1311 584.
1354 1277 1452 1302 num.
1469 1268 1507 1301 6.
1539 1275 1656 1301 coram
1681 1262 1830 1298 Buraec.

497 1316 761 1362 Huiusmodi,
782 1316 882 1354 vero
915 1316 1128 1357 decretum
1146 1341 1156 1360 ,
1186 1315 1407 1355 deficiente
1437 1314 1661 1364 praesertim
1684 1311 1830 1350 Patro-

500 1380 646 1411 norum
661 1368 864 1407 citatione
881 1393 894 1412 ,
908 1368 1022 1417 argui
1040 1380 1116 1406 non
1134 1366 1241 1416 posse
1259 1368 1396 1407 censet
1410 1393 1421 1412 ‚
1440 1379 1485 1406 ex
1504 1381 1584 1418 quo
1597 1364 1834 1404 Canonicus

501 1420 758 1460 Constantini
776 1433 853 1458 non
873 1421 1072 1459 resederit
1087 1445 1101 1465 ,
1130 1433 1205 1458 nec
1221 1420 1426 1468 particeps
1439 1418 1567 1459 fuerit
1585 1416 1834 1460 distributio-

501 1485 600 1512 num
619 1497 632 1517 ,
661 1483 755 1510 cum
773 1472 954 1510 absenti-a
973 1470 1186 1511 referenda
1202 1472 1249 1512 fit
1261 1473 1310 1511 ad
1327 1471 1541 1511 arbitrium
1563 1499 1574 1517 ,
1605 1471 1832 1514 &liberam

501 1523 958 1571 ejusdcmConstantini
971 1523 1326 1575 voluntatem‚qui
1344 1524 1384 1563 in
1401 1522 1509 1566 Urbe
1525 1525 1630 1574 apud
1645 1522 1834 1563 Fratrem

502 1578 768 1628 permanebat
784 1607 795 1617 .
1016 1610 1020 1615 ,

451 1628 676 1672 Concludit
694 1630 864 1680 itaque,
881 1628 1088 1670 Poffessori
1117 1631 1396 1671 Canonicatus
1423 1632 1562 1682 Filippi
1591 1628 1729 1669 omnia
1757 1626 1835 1665 tri-

506 1681 660 1722 buenda
676 1679 753 1721 effe
773 1683 1058 1722 emolumenta
1076 1709 1089 1729 ‚
1117 1685 1156 1724 Sc
1176 1684 1479 1722 distributiones
1500 1709 1513 1728 ‚
1530 1682 1737 1733 dequibus
1757 1678 1833 1720 alii

502 1733 704 1774 Canonici
721 1734 969 1783 participant
986 1760 998 1781 ‚
1025 1747 1120 1774 cum
1135 1737 1219 1774 haec
1253 1735 1327 1773 fint
1351 1736 1545 1783 stipendia
1573 1732 1800 1784 personalia
1816 1755 1833 1778 ,

500 1799 585 1838 quae
606 1785 805 1825 Canonici
824 1786 991 1826 Divinis
1009 1787 1173 1827 Officiis
1191 1784 1474 1826 interessentes
1500 1786 1652 1826 lucrari
1678 1786 1836 1824 debent

501 1839 650 1888 Barbas.
665 1840 717 1877 de.
730 1840 866 1878 Canon.
888 1850 1031 1890 capax.
1049 1853 1191 1889 num.4.
1209 1868 1218 1878 .
1245 1837 1337 1878 Nec
1356 1840 1493 1879 locum
1509 1839 1547 1878 in
1564 1837 1751 1888 praesenti
1768 1848 1833 1874 ca·

497 1893 540 1931 su
559 1893 707 1930 habere
741 1891 846 1939 posse
862 1891 1081 1932 discrimen
1114 1893 1223 1941 inter
1253 1892 1419 1941 legata,
1448 1893 1487 1933 Sc
1513 1892 1832 1932 emolumenta,

496 1943 759 1993 capitularia
793 1945 935 1984 relicta
967 1945 1034 1984 vei
1050 1953 1146 1985 ante
1162 1970 1175 1989 ‚
1200 1946 1266 1983 vel
1286 1944 1367 1989 post
1398 1957 1494 1983 novi
1525 1941 1729 1990 Canonici
1759 1953 1832 1990 ag·

497 1996 783 2046 gregationem
803 2023 815 2042 ,
831 1997 995 2048 quoties
1014 1997 1079 2036 hic
1097 1995 1226 2036 lib'ere'
1241 2022 1254 2043 ‚
1273 1997 1310 2037 Sc
1327 1998 1474 2049 absque
1490 1997 1576 2037 ulla
1591 1995 1746 2042 jurium
1762 2004 1831 2032 re-

499 2048 732 2089 servatione
747 2048 828 2088 fuit
842 2048 1028 2089 admissus
1046 2078 1056 2089 .

448 2102 538 2144 Post
555 2100 890 2142 haec'sermonem
917 2102 1157 2152 aggrediens
1194 2102 1243 2143 de
1261 2115 1387 2143 onere
1416 2115 1438 2142 a
1456 2103 1575 2143 Sacra
1591 2100 1827 2149 Congrega-

495 2154 621 2193 tione>
631 2153 816 2198 injuncto
836 2154 1074 2195 conferendi
1086 2159 1240 2194 ,tertiam
1249 2166 1392 2206 partem
1405 2165 1469 2205 pro
1483 2152 1793 2206 distribut:onibus
1808 2174 1825 2194 ‚

499 2209 578 2245 hoc
595 2205 754 2246 sustinet
771 2206 992 2256 adimpleri
1010 2219 1087 2246 non
1106 2206 1213 2256 posse
1229 2232 1242 2253 ‚
1270 2217 1359 2248 turn
1380 2208 1475 2260 quia
1488 2205 1640 2254 dilapsa
1659 2203 1827 2254 penitus

497 2259 590 2297 sunt
605 2283 618 2303 ‚
636 2270 683 2298 ac
698 2258 884 2299 distracta
904 2260 977 2299 sua:
993 2259 1216 2300 Praebendae
1235 2262 1336 2299 bona
1353 2286 1366 2306 ,
1383 2269 1469 2299 tum
1489 2259 1585 2309 quia
1600 2255 1823 2306 adimpleri

496 2312 790 2350 tantummodo
821 2310 977 2362 posset,
1010 2321 1209 2364 quatenus
1239 2312 1540 2352 distributiones
1567 2309 1823 2354 deficerent,

494 2375 580 2412 quae
599 2371 737 2403 tamen
757 2363 796 2402 in
817 2365 1002 2411 praesenti
1020 2366 1111 2404 casu
1130 2379 1207 2405 non
1223 2364 1419 2406 deficiunt
1434 2390 1446 2410 ‚
1462 2375 1556 2402 cum
1576 2376 1632 2403 eae
1648 2374 1670 2401 a
1687 2361 1824 2400 Cano·

495 2416 655 2455 meatus
672 2415 918 2456 Fundatrice
934 2417 1086 2456 relit‘tae
1104 2417 1259 2458 fuerint
1273 2444 1286 2464 ,
1313 2418 1409 2456 dum
1438 2415 1609 2455 fundum
1623 2414 1823 2462 Capitulo

493 2466 654 2517 legavit
689 2479 759 2517 pro
792 2478 879 2510 rata
893 2469 1222 2509 distributionum
1242 2495 1256 2516 ‚
1282 2480 1451 2520 quarum
1484 2467 1727 2519 participem
1757 2465 1827 2505 es-

495 2521 536 2559 se
562 2520 696 2560 voluit
729 2532 881 2562 novum
919 2520 1177 2562 Canonicum
1224 2521 1448 2570 egualmente
1475 2546 1490 2566 ‚
1536 2524 1578 2566 ὠ·
1599 2530 1664 2571 pro
1689 2520 1822 2570 equali

496 2581 629 2619 parte.
828 2597 832 2600 «

445 2624 641 2671 Nondum
658 2636 680 2666 a
696 2623 892 2676 capitulo
919 2609 1027 2670 nova
1044 2626 1215 2668 adduaesta
1234 2626 1325 2669 sunt
1337 2628 1428 2677 jura
1444 2656 1454 2669 .
1483 2625 1596 2669 Hinc
1627 2625 1720 2668 Ethi
1739 2622 1814 2665 PP.

501 2695 508 2715 τ
1752 2690 1823 2718 χο-
