<?xml version="1.0" encoding="UTF-8"?>
<!DOCTYPE html PUBLIC "-//W3C//DTD XHTML 1.0 Transitional//EN"
    "http://www.w3.org/TR/xhtml1/DTD/xhtml1-transitional.dtd">
<html xmlns="http://www.w3.org/1999/xhtml" xml:lang="en" lang="en">
 <head>
  <title>
</title>
<meta http-equiv="Content-Type" content="text/html;charset=utf-8" />
  <meta name='ocr-system' content='tesseract 3.04.00' />
  <meta name='ocr-capabilities' content='ocr_page ocr_carea ocr_par ocr_line ocrx_word'/>
</head>
<body>
  <div class='ocr_page' id='page_1' title='image "./thesaurusresolut40cath_0512.png"; bbox 0 0 1924 2970; ppageno 0'>
   <div class='ocr_carea' id='block_1_1' title="bbox 403 68 1866 2752">
    <p class='ocr_par' dir='ltr' id='par_1_1' title="bbox 479 68 1378 116">
     <span class='ocr_line' id='line_1_1' title="bbox 479 68 1378 116; baseline 0.001 -6"><span class='ocrx_word' id='word_1_1' title='bbox 479 74 559 111; x_wconf 76' lang='lat'>226</span> <span class='ocrx_word' id='word_1_2' title='bbox 935 68 951 107; x_wconf 79' lang='lat' dir='ltr'>i</span> <span class='ocrx_word' id='word_1_3' title='bbox 957 81 995 116; x_wconf 88' lang='lat'>9.</span> <span class='ocrx_word' id='word_1_4' title='bbox 1004 69 1220 114; x_wconf 75' lang='lat' dir='ltr'>Decembris</span> <span class='ocrx_word' id='word_1_5' title='bbox 1264 70 1378 116; x_wconf 63' lang='lat'><em>1772}</em></span> 
     </span>
    </p>

    <p class='ocr_par' dir='ltr' id='par_1_2' title="bbox 462 118 1810 484">
     <span class='ocr_line' id='line_1_2' title="bbox 468 118 1803 173; baseline -0.003 -11"><span class='ocrx_word' id='word_1_6' title='bbox 468 124 708 173; x_wconf 78' lang='lat' dir='ltr'>cesgcrente</span> <span class='ocrx_word' id='word_1_7' title='bbox 727 120 859 160; x_wconf 76' lang='lat' dir='ltr'>Curiae</span> <span class='ocrx_word' id='word_1_8' title='bbox 888 118 1144 168; x_wconf 64' lang='lat' dir='ltr'>Episcopalis</span> <span class='ocrx_word' id='word_1_9' title='bbox 1162 147 1175 165; x_wconf 88' lang='lat'><strong>‚</strong></span> <span class='ocrx_word' id='word_1_10' title='bbox 1208 134 1282 161; x_wconf 86' lang='lat' dir='ltr'>nec</span> <span class='ocrx_word' id='word_1_11' title='bbox 1308 134 1385 160; x_wconf 79' lang='lat' dir='ltr'>nou</span> <span class='ocrx_word' id='word_1_12' title='bbox 1417 120 1803 166; x_wconf 61' lang='lat' dir='ltr'>Coeremoniarum</span> 
     </span>
     <span class='ocr_line' id='line_1_3' title="bbox 466 173 1804 226; baseline 0.004 -12"><span class='ocrx_word' id='word_1_13' title='bbox 466 175 664 224; x_wconf 82' lang='lat' dir='ltr'>Magistro</span> <span class='ocrx_word' id='word_1_14' title='bbox 681 200 692 219; x_wconf 87' lang='lat'>‚</span> <span class='ocrx_word' id='word_1_15' title='bbox 709 174 882 224; x_wconf 87' lang='lat' dir='ltr'>aliisque</span> <span class='ocrx_word' id='word_1_16' title='bbox 901 174 1158 213; x_wconf 79' lang='lat' dir='ltr'>Confiliariis</span> <span class='ocrx_word' id='word_1_17' title='bbox 1178 200 1191 218; x_wconf 86' lang='lat'>‚</span> <span class='ocrx_word' id='word_1_18' title='bbox 1212 176 1248 214; x_wconf 52' lang='grc' dir='ltr'>ἃ</span> <span class='ocrx_word' id='word_1_19' title='bbox 1262 173 1500 219; x_wconf 77' lang='lat' dir='ltr'>Vicariatus</span> <span class='ocrx_word' id='word_1_20' title='bbox 1522 174 1614 216; x_wconf 68' lang='lat' dir='ltr'>Aase</span> <span class='ocrx_word' id='word_1_21' title='bbox 1630 177 1804 226; x_wconf 62' lang='lat' dir='ltr'>loribus,</span> 
     </span>
     <span class='ocr_line' id='line_1_4' title="bbox 465 227 1809 280; baseline -0.002 -14"><span class='ocrx_word' id='word_1_22' title='bbox 465 227 677 267; x_wconf 68' lang='lat' dir='ltr'>Officialis</span> <span class='ocrx_word' id='word_1_23' title='bbox 699 227 953 277; x_wconf 76' lang='lat' dir='ltr'>Augustanus</span> <span class='ocrx_word' id='word_1_24' title='bbox 987 227 1182 266; x_wconf 74' lang='lat' dir='ltr'>sinistram</span> <span class='ocrx_word' id='word_1_25' title='bbox 1214 227 1410 268; x_wconf 82' lang='lat' dir='ltr'>Oratoris</span> <span class='ocrx_word' id='word_1_26' title='bbox 1441 238 1609 269; x_wconf 85' lang='lat' dir='ltr'>manum</span> <span class='ocrx_word' id='word_1_27' title='bbox 1629 230 1809 280; x_wconf 67' lang='lat' dir='ltr'>diligen,</span> 
     </span>
     <span class='ocr_line' id='line_1_5' title="bbox 466 279 1810 332; baseline 0.001 -12"><span class='ocrx_word' id='word_1_28' title='bbox 466 291 533 321; x_wconf 84' lang='lat' dir='ltr'>ter</span> <span class='ocrx_word' id='word_1_29' title='bbox 553 280 731 328; x_wconf 76' lang='lat' dir='ltr'>inspexit</span> <span class='ocrx_word' id='word_1_30' title='bbox 751 306 763 324; x_wconf 93' lang='lat'><strong>‚</strong></span> <span class='ocrx_word' id='word_1_31' title='bbox 790 279 1156 330; x_wconf 71' lang='lat' dir='ltr'>deprehenditque</span> <span class='ocrx_word' id='word_1_32' title='bbox 1188 293 1266 319; x_wconf 92' lang='lat' dir='ltr'>non</span> <span class='ocrx_word' id='word_1_33' title='bbox 1285 279 1624 329; x_wconf 36' lang='lat' dir='ltr'>tantum-digitos</span> <span class='ocrx_word' id='word_1_34' title='bbox 1643 286 1658 328; x_wconf 91' lang='lat'>(</span> <span class='ocrx_word' id='word_1_35' title='bbox 1679 293 1723 321; x_wconf 88' lang='lat' dir='ltr'>ut</span> <span class='ocrx_word' id='word_1_36' title='bbox 1742 297 1810 332; x_wconf 75' lang='lat' dir='ltr'>per</span> 
     </span>
     <span class='ocr_line' id='line_1_6' title="bbox 464 331 1810 385; baseline 0.001 -11"><span class='ocrx_word' id='word_1_37' title='bbox 464 345 652 375; x_wconf 82' lang='lat' dir='ltr'>errorem</span> <span class='ocrx_word' id='word_1_38' title='bbox 665 331 747 371; x_wconf 88' lang='lat' dir='ltr'>fuit</span> <span class='ocrx_word' id='word_1_39' title='bbox 782 331 821 370; x_wconf 86' lang='lat' dir='ltr'>iu</span> <span class='ocrx_word' id='word_1_40' title='bbox 841 331 1015 381; x_wconf 76' lang='lat' dir='ltr'>supplici</span> <span class='ocrx_word' id='word_1_41' title='bbox 1037 331 1204 371; x_wconf 83' lang='lat' dir='ltr'>Libello</span> <span class='ocrx_word' id='word_1_42' title='bbox 1222 334 1453 375; x_wconf 78' lang='lat' dir='ltr'>exureffum</span> <span class='ocrx_word' id='word_1_43' title='bbox 1470 337 1487 380; x_wconf 80' lang='grc'>),</span> <span class='ocrx_word' id='word_1_44' title='bbox 1514 334 1579 373; x_wconf 68' lang='lat' dir='ltr'>[ed</span> <span class='ocrx_word' id='word_1_45' title='bbox 1603 334 1810 385; x_wconf 85' lang='lat' dir='ltr'>integram</span> 
     </span>
     <span class='ocr_line' id='line_1_7' title="bbox 462 384 1805 437; baseline 0.004 -12"><span class='ocrx_word' id='word_1_46' title='bbox 462 387 603 426; x_wconf 87' lang='lat' dir='ltr'>volam</span> <span class='ocrx_word' id='word_1_47' title='bbox 620 385 815 433; x_wconf 80' lang='lat' dir='ltr'>Chirurgi</span> <span class='ocrx_word' id='word_1_48' title='bbox 836 385 1143 436; x_wconf 83' lang='lat' dir='ltr'>incuria‚atque</span> <span class='ocrx_word' id='word_1_49' title='bbox 1160 386 1368 435; x_wconf 81' lang='lat' dir='ltr'>imperitia</span> <span class='ocrx_word' id='word_1_50' title='bbox 1387 384 1505 425; x_wconf 78' lang='lat' dir='ltr'>funse</span> <span class='ocrx_word' id='word_1_51' title='bbox 1524 386 1805 437; x_wconf 72' lang='lat' dir='ltr'>deperditam,</span> 
     </span>
     <span class='ocr_line' id='line_1_8' title="bbox 466 436 1222 484; baseline -0.004 -3"><span class='ocrx_word' id='word_1_52' title='bbox 466 440 506 481; x_wconf 71' lang='grc' dir='ltr'>ὃ(</span> <span class='ocrx_word' id='word_1_53' title='bbox 524 452 544 479; x_wconf 89' lang='lat' dir='ltr'>a</span> <span class='ocrx_word' id='word_1_54' title='bbox 566 438 733 478; x_wconf 85' lang='lat' dir='ltr'>brachio</span> <span class='ocrx_word' id='word_1_55' title='bbox 763 437 958 477; x_wconf 88' lang='lat' dir='ltr'>totaliter</span> <span class='ocrx_word' id='word_1_56' title='bbox 979 436 1188 484; x_wconf 81' lang='lat' dir='ltr'>absciffam</span> <span class='ocrx_word' id='word_1_57' title='bbox 1203 469 1222 483; x_wconf 79' lang='grc'>,.</span> 
     </span>
    </p>

    <p class='ocr_par' dir='ltr' id='par_1_3' title="bbox 418 490 1814 807">
     <span class='ocr_line' id='line_1_9' title="bbox 418 490 1808 540; baseline 0.001 -8"><span class='ocrx_word' id='word_1_58' title='bbox 418 490 622 532; x_wconf 76' lang='lat' dir='ltr'>Caeterum</span> <span class='ocrx_word' id='word_1_59' title='bbox 641 491 792 530; x_wconf 88' lang='lat' dir='ltr'>retulit</span> <span class='ocrx_word' id='word_1_60' title='bbox 813 491 919 536; x_wconf 86' lang='lat' dir='ltr'>,fine</span> <span class='ocrx_word' id='word_1_61' title='bbox 941 492 1026 530; x_wconf 82' lang='lat' dir='ltr'>ulla</span> <span class='ocrx_word' id='word_1_62' title='bbox 1045 491 1504 540; x_wconf 64' lang='lat' dir='ltr'>proriusdeformitate2</span> <span class='ocrx_word' id='word_1_63' title='bbox 1526 501 1597 534; x_wconf 83' lang='lat' dir='ltr'>aut</span> <span class='ocrx_word' id='word_1_64' title='bbox 1613 494 1808 534; x_wconf 83' lang='lat' dir='ltr'>scandalo</span> 
     </span>
     <span class='ocr_line' id='line_1_10' title="bbox 464 543 1814 597; baseline 0.001 -13"><span class='ocrx_word' id='word_1_65' title='bbox 464 544 597 584; x_wconf 75' lang='lat' dir='ltr'>Missae</span> <span class='ocrx_word' id='word_1_66' title='bbox 616 543 871 588; x_wconf 81' lang='lat' dir='ltr'>Sacrificium</span> <span class='ocrx_word' id='word_1_67' title='bbox 889 544 948 582; x_wconf 89' lang='lat' dir='ltr'>ita</span> <span class='ocrx_word' id='word_1_68' title='bbox 965 544 1014 582; x_wconf 87' lang='lat' dir='ltr'>ab</span> <span class='ocrx_word' id='word_1_69' title='bbox 1032 543 1219 584; x_wconf 86' lang='lat' dir='ltr'>Oratore</span> <span class='ocrx_word' id='word_1_70' title='bbox 1237 544 1344 592; x_wconf 73' lang='lat' dir='ltr'>posse</span> <span class='ocrx_word' id='word_1_71' title='bbox 1373 546 1604 591; x_wconf 86' lang='lat' dir='ltr'>celebrari,</span> <span class='ocrx_word' id='word_1_72' title='bbox 1639 556 1682 586; x_wconf 89' lang='lat' dir='ltr'>ut</span> <span class='ocrx_word' id='word_1_73' title='bbox 1707 549 1814 597; x_wconf 85' lang='lat' dir='ltr'>digi-</span> 
     </span>
     <span class='ocr_line' id='line_1_11' title="bbox 465 596 1809 645; baseline 0.001 -7"><span class='ocrx_word' id='word_1_74' title='bbox 465 607 604 638; x_wconf 86' lang='lat' dir='ltr'>torum</span> <span class='ocrx_word' id='word_1_75' title='bbox 621 622 636 642; x_wconf 87' lang='lat'><strong>‚</strong></span> <span class='ocrx_word' id='word_1_76' title='bbox 670 597 708 638; x_wconf 72' lang='grc' dir='ltr'>ὅ(</span> <span class='ocrx_word' id='word_1_77' title='bbox 723 608 866 639; x_wconf 85' lang='lat' dir='ltr'>manus</span> <span class='ocrx_word' id='word_1_78' title='bbox 886 596 1074 637; x_wconf 68' lang='lat' dir='ltr'>defestus</span> <span class='ocrx_word' id='word_1_79' title='bbox 1094 610 1172 636; x_wconf 88' lang='lat' dir='ltr'>uon</span> <span class='ocrx_word' id='word_1_80' title='bbox 1192 599 1438 641; x_wconf 82' lang='lat' dir='ltr'>advertatur</span> <span class='ocrx_word' id='word_1_81' title='bbox 1453 601 1501 638; x_wconf 86' lang='lat' dir='ltr'>ab</span> <span class='ocrx_word' id='word_1_82' title='bbox 1522 599 1774 640; x_wconf 84' lang='lat' dir='ltr'>adstantibus</span> <span class='ocrx_word' id='word_1_83' title='bbox 1793 625 1809 645; x_wconf 90' lang='lat'>‚</span> 
     </span>
     <span class='ocr_line' id='line_1_12' title="bbox 460 649 1807 701; baseline 0.001 -11"><span class='ocrx_word' id='word_1_84' title='bbox 460 651 535 690; x_wconf 86' lang='lat' dir='ltr'>nisi</span> <span class='ocrx_word' id='word_1_85' title='bbox 565 650 614 689; x_wconf 86' lang='lat' dir='ltr'>ab</span> <span class='ocrx_word' id='word_1_86' title='bbox 633 649 681 691; x_wconf 80' lang='lat' dir='ltr'>iis</span> <span class='ocrx_word' id='word_1_87' title='bbox 699 674 712 695; x_wconf 85' lang='lat'>‚</span> <span class='ocrx_word' id='word_1_88' title='bbox 730 650 873 701; x_wconf 69' lang='lat' dir='ltr'>quibu·</span> <span class='ocrx_word' id='word_1_89' title='bbox 891 650 1061 690; x_wconf 87' lang='lat' dir='ltr'>illorum</span> <span class='ocrx_word' id='word_1_90' title='bbox 1077 651 1315 690; x_wconf 79' lang='lat' dir='ltr'>deficientia</span> <span class='ocrx_word' id='word_1_91' title='bbox 1344 651 1510 690; x_wconf 70' lang='lat' dir='ltr'>aliunde</span> <span class='ocrx_word' id='word_1_92' title='bbox 1531 653 1699 700; x_wconf 84' lang='lat' dir='ltr'>cognita</span> <span class='ocrx_word' id='word_1_93' title='bbox 1716 652 1807 692; x_wconf 80' lang='lat' dir='ltr'>fue-</span> 
     </span>
     <span class='ocr_line' id='line_1_13' title="bbox 463 702 1807 755; baseline 0.001 -12"><span class='ocrx_word' id='word_1_94' title='bbox 463 703 520 743; x_wconf 85' lang='lat' dir='ltr'>rit</span> <span class='ocrx_word' id='word_1_95' title='bbox 538 732 548 742; x_wconf 92' lang='lat'><strong>.</strong></span> <span class='ocrx_word' id='word_1_96' title='bbox 583 702 630 742; x_wconf 90' lang='lat' dir='ltr'>Id</span> <span class='ocrx_word' id='word_1_97' title='bbox 648 711 792 742; x_wconf 88' lang='lat' dir='ltr'>autem</span> <span class='ocrx_word' id='word_1_98' title='bbox 821 715 868 742; x_wconf 87' lang='lat' dir='ltr'>ex</span> <span class='ocrx_word' id='word_1_99' title='bbox 886 716 936 742; x_wconf 87' lang='lat' dir='ltr'>eo</span> <span class='ocrx_word' id='word_1_100' title='bbox 959 704 1204 754; x_wconf 85' lang='lat' dir='ltr'>contingere</span> <span class='ocrx_word' id='word_1_101' title='bbox 1229 704 1336 742; x_wconf 88' lang='lat' dir='ltr'>dixit</span> <span class='ocrx_word' id='word_1_102' title='bbox 1353 729 1367 750; x_wconf 87' lang='lat'>‚</span> <span class='ocrx_word' id='word_1_103' title='bbox 1399 705 1494 755; x_wconf 86' lang='lat' dir='ltr'>quia</span> <span class='ocrx_word' id='word_1_104' title='bbox 1511 705 1807 745; x_wconf 86' lang='lat' dir='ltr'>celeberrimus</span> 
     </span>
     <span class='ocr_line' id='line_1_14' title="bbox 463 755 1805 807; baseline 0.003 -12"><span class='ocrx_word' id='word_1_105' title='bbox 463 756 632 807; x_wconf 83' lang='lat' dir='ltr'>quidam</span> <span class='ocrx_word' id='word_1_106' title='bbox 654 755 895 805; x_wconf 81' lang='lat' dir='ltr'>Augustanae</span> <span class='ocrx_word' id='word_1_107' title='bbox 913 756 1112 796; x_wconf 83' lang='lat' dir='ltr'>Civitatis</span> <span class='ocrx_word' id='word_1_108' title='bbox 1131 755 1299 799; x_wconf 81' lang='lat' dir='ltr'>Artifex</span> <span class='ocrx_word' id='word_1_109' title='bbox 1317 769 1483 796; x_wconf 84' lang='lat' dir='ltr'>manum</span> <span class='ocrx_word' id='word_1_110' title='bbox 1515 768 1562 796; x_wconf 85' lang='lat' dir='ltr'>ex</span> <span class='ocrx_word' id='word_1_111' title='bbox 1590 770 1718 806; x_wconf 70' lang='lat' dir='ltr'>cupro</span> <span class='ocrx_word' id='word_1_112' title='bbox 1737 785 1748 803; x_wconf 93' lang='lat'>‚</span> <span class='ocrx_word' id='word_1_113' title='bbox 1767 759 1805 799; x_wconf 72' lang='grc' dir='ltr'>δε</span> 
     </span>
    </p>

    <p class='ocr_par' dir='ltr' id='par_1_4' title="bbox 403 809 1807 1017">
     <span class='ocr_line' id='line_1_15' title="bbox 403 809 1807 859; baseline 0.001 -11"><span class='ocrx_word' id='word_1_114' title='bbox 403 832 406 835; x_wconf 82' lang='grc'><em>·</em></span> <span class='ocrx_word' id='word_1_115' title='bbox 465 817 643 859; x_wconf 83' lang='lat' dir='ltr'>argento</span> <span class='ocrx_word' id='word_1_116' title='bbox 673 809 777 851; x_wconf 57' lang='lat' dir='ltr'>vivae</span> <span class='ocrx_word' id='word_1_117' title='bbox 797 810 936 849; x_wconf 88' lang='lat' dir='ltr'>manui</span> <span class='ocrx_word' id='word_1_118' title='bbox 968 810 1223 849; x_wconf 82' lang='lat' dir='ltr'>simillimam</span> <span class='ocrx_word' id='word_1_119' title='bbox 1260 811 1492 849; x_wconf 87' lang='lat' dir='ltr'>elaboravit</span> <span class='ocrx_word' id='word_1_120' title='bbox 1523 835 1536 855; x_wconf 85' lang='lat'>‚</span> <span class='ocrx_word' id='word_1_121' title='bbox 1567 809 1605 850; x_wconf 63' lang='grc' dir='ltr'>ὃς</span> <span class='ocrx_word' id='word_1_122' title='bbox 1640 811 1807 857; x_wconf 75' lang='lat' dir='ltr'>brachio</span> 
     </span>
     <span class='ocr_line' id='line_1_16' title="bbox 462 861 1799 903; baseline 0.001 -1"><span class='ocrx_word' id='word_1_123' title='bbox 462 861 614 902; x_wconf 88' lang='lat' dir='ltr'>mediis</span> <span class='ocrx_word' id='word_1_124' title='bbox 629 861 805 902; x_wconf 85' lang='lat' dir='ltr'>fascibus</span> <span class='ocrx_word' id='word_1_125' title='bbox 833 862 900 901; x_wconf 89' lang='lat' dir='ltr'>sub</span> <span class='ocrx_word' id='word_1_126' title='bbox 916 863 1034 901; x_wconf 85' lang='lat' dir='ltr'>vestis</span> <span class='ocrx_word' id='word_1_127' title='bbox 1068 863 1230 902; x_wconf 87' lang='lat' dir='ltr'>manica</span> <span class='ocrx_word' id='word_1_128' title='bbox 1251 863 1432 902; x_wconf 84' lang='lat' dir='ltr'>conditis</span> <span class='ocrx_word' id='word_1_129' title='bbox 1465 862 1571 901; x_wconf 79' lang='lat' dir='ltr'>adeo</span> <span class='ocrx_word' id='word_1_130' title='bbox 1600 865 1799 903; x_wconf 77' lang='lat' dir='ltr'>accurate</span> 
     </span>
     <span class='ocr_line' id='line_1_17' title="bbox 465 914 1806 968; baseline 0.003 -14"><span class='ocrx_word' id='word_1_131' title='bbox 465 916 630 964; x_wconf 83' lang='lat' dir='ltr'>aptavit</span> <span class='ocrx_word' id='word_1_132' title='bbox 647 940 661 960; x_wconf 91' lang='lat'>‚</span> <span class='ocrx_word' id='word_1_133' title='bbox 687 923 733 954; x_wconf 90' lang='lat' dir='ltr'>ut</span> <span class='ocrx_word' id='word_1_134' title='bbox 750 926 828 954; x_wconf 89' lang='lat' dir='ltr'>non</span> <span class='ocrx_word' id='word_1_135' title='bbox 845 914 1046 962; x_wconf 70' lang='lat' dir='ltr'>artefat‘ta</span> <span class='ocrx_word' id='word_1_136' title='bbox 1069 942 1081 963; x_wconf 90' lang='lat'>‚</span> <span class='ocrx_word' id='word_1_137' title='bbox 1101 916 1166 957; x_wconf 83' lang='lat' dir='ltr'>sed</span> <span class='ocrx_word' id='word_1_138' title='bbox 1181 917 1288 968; x_wconf 77' lang='lat' dir='ltr'>quasi</span> <span class='ocrx_word' id='word_1_139' title='bbox 1306 916 1400 956; x_wconf 87' lang='lat' dir='ltr'>viva</span> <span class='ocrx_word' id='word_1_140' title='bbox 1418 942 1432 963; x_wconf 85' lang='lat'>‚</span> <span class='ocrx_word' id='word_1_141' title='bbox 1450 917 1502 961; x_wconf 56' lang='grc' dir='ltr'>ὃς</span> <span class='ocrx_word' id='word_1_142' title='bbox 1532 928 1631 955; x_wconf 87' lang='lat' dir='ltr'>vera</span> <span class='ocrx_word' id='word_1_143' title='bbox 1660 926 1806 959; x_wconf 79' lang='lat' dir='ltr'>manus</span> 
     </span>
     <span class='ocr_line' id='line_1_18' title="bbox 466 977 1675 1017; baseline 0.002 -10"><span class='ocrx_word' id='word_1_144' title='bbox 466 977 667 1017; x_wconf 79' lang='lat' dir='ltr'>appareat</span> <span class='ocrx_word' id='word_1_145' title='bbox 681 997 692 1014; x_wconf 74' lang='grc'><strong><em>,</em></strong></span> <span class='ocrx_word' id='word_1_146' title='bbox 1193 991 1196 994; x_wconf 77' lang='lat'><em>,</em></span> <span class='ocrx_word' id='word_1_147' title='bbox 1671 995 1675 998; x_wconf 89' lang='lat'>-</span> 
     </span>
    </p>

    <p class='ocr_par' dir='ltr' id='par_1_5' title="bbox 412 1020 1820 1969">
     <span class='ocr_line' id='line_1_19' title="bbox 412 1020 1809 1073; baseline 0.002 -12"><span class='ocrx_word' id='word_1_148' title='bbox 412 1020 594 1069; x_wconf 64' lang='lat' dir='ltr'>&#39;Addidit</span> <span class='ocrx_word' id='word_1_149' title='bbox 613 1047 626 1067; x_wconf 90' lang='lat'>,</span> <span class='ocrx_word' id='word_1_150' title='bbox 642 1021 844 1071; x_wconf 83' lang='lat' dir='ltr'>pollicem</span> <span class='ocrx_word' id='word_1_151' title='bbox 858 1049 871 1069; x_wconf 84' lang='lat'>‚</span> <span class='ocrx_word' id='word_1_152' title='bbox 887 1024 926 1063; x_wconf 68' lang='grc' dir='ltr'>δε</span> <span class='ocrx_word' id='word_1_153' title='bbox 943 1022 1121 1072; x_wconf 77' lang='lat' dir='ltr'>primum</span> <span class='ocrx_word' id='word_1_154' title='bbox 1137 1022 1315 1073; x_wconf 89' lang='lat' dir='ltr'>digitum</span> <span class='ocrx_word' id='word_1_155' title='bbox 1332 1049 1345 1069; x_wconf 92' lang='lat'>,</span> <span class='ocrx_word' id='word_1_156' title='bbox 1376 1025 1444 1062; x_wconf 89' lang='lat' dir='ltr'>seu</span> <span class='ocrx_word' id='word_1_157' title='bbox 1463 1024 1646 1064; x_wconf 90' lang='lat' dir='ltr'>indicem</span> <span class='ocrx_word' id='word_1_158' title='bbox 1679 1035 1724 1062; x_wconf 87' lang='lat' dir='ltr'>ex</span> <span class='ocrx_word' id='word_1_159' title='bbox 1742 1032 1809 1064; x_wconf 80' lang='lat' dir='ltr'>ar-</span> 
     </span>
     <span class='ocr_line' id='line_1_20' title="bbox 462 1074 1804 1126; baseline 0.001 -12"><span class='ocrx_word' id='word_1_160' title='bbox 462 1082 594 1125; x_wconf 83' lang='lat' dir='ltr'>gento</span> <span class='ocrx_word' id='word_1_161' title='bbox 626 1074 838 1115; x_wconf 58' lang='lat' dir='ltr'>confectos</span> <span class='ocrx_word' id='word_1_162' title='bbox 855 1101 868 1121; x_wconf 91' lang='lat'>‚</span> <span class='ocrx_word' id='word_1_163' title='bbox 898 1077 936 1116; x_wconf 60' lang='grc' dir='ltr'>δ’.</span> <span class='ocrx_word' id='word_1_164' title='bbox 953 1075 993 1115; x_wconf 91' lang='lat' dir='ltr'>in</span> <span class='ocrx_word' id='word_1_165' title='bbox 1013 1077 1195 1122; x_wconf 76' lang='lat' dir='ltr'>partibus</span> <span class='ocrx_word' id='word_1_166' title='bbox 1230 1076 1495 1114; x_wconf 87' lang='lat' dir='ltr'>interioribus</span> <span class='ocrx_word' id='word_1_167' title='bbox 1510 1103 1523 1121; x_wconf 89' lang='lat'>,</span> <span class='ocrx_word' id='word_1_168' title='bbox 1555 1078 1699 1126; x_wconf 86' lang='lat' dir='ltr'>quibus</span> <span class='ocrx_word' id='word_1_169' title='bbox 1730 1075 1804 1115; x_wconf 83' lang='lat' dir='ltr'>Sa·</span> 
     </span>
     <span class='ocr_line' id='line_1_21' title="bbox 464 1127 1802 1177; baseline 0.001 -12"><span class='ocrx_word' id='word_1_170' title='bbox 464 1127 677 1165; x_wconf 66' lang='lat' dir='ltr'>crosanc‘rzi</span> <span class='ocrx_word' id='word_1_171' title='bbox 694 1127 836 1167; x_wconf 86' lang='lat' dir='ltr'>Hostia</span> <span class='ocrx_word' id='word_1_172' title='bbox 856 1129 1045 1177; x_wconf 82' lang='lat' dir='ltr'>tangitur</span> <span class='ocrx_word' id='word_1_173' title='bbox 1062 1154 1073 1172; x_wconf 91' lang='lat'><strong>‚</strong></span> <span class='ocrx_word' id='word_1_174' title='bbox 1103 1140 1204 1166; x_wconf 88' lang='lat' dir='ltr'>auro</span> <span class='ocrx_word' id='word_1_175' title='bbox 1219 1127 1429 1176; x_wconf 82' lang='lat' dir='ltr'>puriffimo</span> <span class='ocrx_word' id='word_1_176' title='bbox 1464 1129 1541 1167; x_wconf 79' lang='lat' dir='ltr'>eHe</span> <span class='ocrx_word' id='word_1_177' title='bbox 1575 1129 1772 1168; x_wconf 57' lang='lat' dir='ltr'>obductas</span> <span class='ocrx_word' id='word_1_178' title='bbox 1786 1152 1802 1174; x_wconf 87' lang='lat'>‚</span> 
     </span>
     <span class='ocr_line' id='line_1_22' title="bbox 465 1179 1805 1231; baseline 0.001 -13"><span class='ocrx_word' id='word_1_179' title='bbox 465 1189 592 1230; x_wconf 86' lang='lat' dir='ltr'>atque</span> <span class='ocrx_word' id='word_1_180' title='bbox 610 1180 647 1217; x_wconf 89' lang='lat' dir='ltr'>in</span> <span class='ocrx_word' id='word_1_181' title='bbox 665 1180 784 1227; x_wconf 79' lang='lat' dir='ltr'>ipfius</span> <span class='ocrx_word' id='word_1_182' title='bbox 803 1190 945 1218; x_wconf 84' lang='lat' dir='ltr'>manus</span> <span class='ocrx_word' id='word_1_183' title='bbox 963 1179 1171 1223; x_wconf 61' lang='lat' dir='ltr'>artefadh‘e</span> <span class='ocrx_word' id='word_1_184' title='bbox 1190 1189 1374 1220; x_wconf 84' lang='lat' dir='ltr'>cavitate</span> <span class='ocrx_word' id='word_1_185' title='bbox 1399 1181 1530 1221; x_wconf 85' lang='lat' dir='ltr'>latere</span> <span class='ocrx_word' id='word_1_186' title='bbox 1549 1181 1671 1231; x_wconf 75' lang='lat' dir='ltr'>spiras</span> <span class='ocrx_word' id='word_1_187' title='bbox 1690 1182 1805 1230; x_wconf 84' lang='lat' dir='ltr'>caly-</span> 
     </span>
     <span class='ocr_line' id='line_1_23' title="bbox 464 1232 1820 1283; baseline 0.002 -12"><span class='ocrx_word' id='word_1_188' title='bbox 464 1232 560 1271; x_wconf 84' lang='lat' dir='ltr'>beas</span> <span class='ocrx_word' id='word_1_189' title='bbox 583 1255 596 1274; x_wconf 85' lang='lat'><strong>‚</strong></span> <span class='ocrx_word' id='word_1_190' title='bbox 624 1243 710 1282; x_wconf 86' lang='lat' dir='ltr'>quae</span> <span class='ocrx_word' id='word_1_191' title='bbox 728 1232 880 1280; x_wconf 80' lang='lat' dir='ltr'>partim</span> <span class='ocrx_word' id='word_1_192' title='bbox 900 1235 1087 1272; x_wconf 86' lang='lat' dir='ltr'>motione</span> <span class='ocrx_word' id='word_1_193' title='bbox 1106 1233 1291 1277; x_wconf 83' lang='lat' dir='ltr'>brachii,</span> <span class='ocrx_word' id='word_1_194' title='bbox 1322 1233 1474 1281; x_wconf 76' lang='lat' dir='ltr'>partim</span> <span class='ocrx_word' id='word_1_195' title='bbox 1488 1239 1587 1276; x_wconf 76' lang='lat' dir='ltr'>vero</span> <span class='ocrx_word' id='word_1_196' title='bbox 1604 1232 1820 1283; x_wconf 76' lang='lat' dir='ltr'>preffione.</span> 
     </span>
     <span class='ocr_line' id='line_1_24' title="bbox 462 1284 1807 1337; baseline 0 -13"><span class='ocrx_word' id='word_1_197' title='bbox 462 1284 629 1327; x_wconf 85' lang='lat' dir='ltr'>minimi</span> <span class='ocrx_word' id='word_1_198' title='bbox 668 1284 790 1333; x_wconf 88' lang='lat' dir='ltr'>digiti</span> <span class='ocrx_word' id='word_1_199' title='bbox 814 1311 825 1329; x_wconf 90' lang='lat'>‚</span> <span class='ocrx_word' id='word_1_200' title='bbox 860 1297 980 1335; x_wconf 89' lang='lat' dir='ltr'>quem</span> <span class='ocrx_word' id='word_1_201' title='bbox 1011 1286 1156 1325; x_wconf 87' lang='lat' dir='ltr'>dicunt</span> <span class='ocrx_word' id='word_1_202' title='bbox 1186 1286 1458 1326; x_wconf 85' lang='lat' dir='ltr'>auricularem</span> <span class='ocrx_word' id='word_1_203' title='bbox 1476 1313 1488 1332; x_wconf 91' lang='lat'>‚</span> <span class='ocrx_word' id='word_1_204' title='bbox 1519 1286 1644 1325; x_wconf 73' lang='lat' dir='ltr'>modo</span> <span class='ocrx_word' id='word_1_205' title='bbox 1678 1286 1807 1337; x_wconf 71' lang='lat' dir='ltr'>polli-</span> 
     </span>
     <span class='ocr_line' id='line_1_25' title="bbox 463 1337 1805 1390; baseline 0 -13"><span class='ocrx_word' id='word_1_206' title='bbox 463 1349 554 1377; x_wconf 85' lang='lat' dir='ltr'>cem</span> <span class='ocrx_word' id='word_1_207' title='bbox 575 1361 587 1379; x_wconf 92' lang='lat'><strong>‚</strong></span> <span class='ocrx_word' id='word_1_208' title='bbox 622 1337 944 1377; x_wconf 74' lang='lat' dir='ltr'>modoindicem</span> <span class='ocrx_word' id='word_1_209' title='bbox 964 1364 977 1383; x_wconf 90' lang='lat'><strong>‚</strong></span> <span class='ocrx_word' id='word_1_210' title='bbox 1009 1339 1136 1377; x_wconf 75' lang='lat' dir='ltr'>modo</span> <span class='ocrx_word' id='word_1_211' title='bbox 1168 1348 1388 1390; x_wconf 88' lang='lat' dir='ltr'>utrumque</span> <span class='ocrx_word' id='word_1_212' title='bbox 1415 1340 1530 1385; x_wconf 86' lang='lat' dir='ltr'>juxta</span> <span class='ocrx_word' id='word_1_213' title='bbox 1549 1338 1694 1379; x_wconf 85' lang='lat' dir='ltr'>Officii</span> <span class='ocrx_word' id='word_1_214' title='bbox 1722 1339 1805 1378; x_wconf 87' lang='lat' dir='ltr'>cxi-</span> 
     </span>
     <span class='ocr_line' id='line_1_26' title="bbox 463 1390 1800 1441; baseline 0.004 -15"><span class='ocrx_word' id='word_1_215' title='bbox 463 1390 650 1439; x_wconf 87' lang='lat' dir='ltr'>gentiam</span> <span class='ocrx_word' id='word_1_216' title='bbox 681 1399 851 1428; x_wconf 87' lang='lat' dir='ltr'>movent</span> <span class='ocrx_word' id='word_1_217' title='bbox 866 1404 881 1431; x_wconf 77' lang='lat'>5</span> <span class='ocrx_word' id='word_1_218' title='bbox 911 1391 1017 1430; x_wconf 85' lang='lat' dir='ltr'>itaut</span> <span class='ocrx_word' id='word_1_219' title='bbox 1036 1392 1231 1441; x_wconf 86' lang='lat' dir='ltr'>spirarum</span> <span class='ocrx_word' id='word_1_220' title='bbox 1251 1392 1359 1430; x_wconf 88' lang='lat' dir='ltr'>intus</span> <span class='ocrx_word' id='word_1_221' title='bbox 1389 1391 1615 1432; x_wconf 69' lang='lat' dir='ltr'>&#39;latentium</span> <span class='ocrx_word' id='word_1_222' title='bbox 1645 1392 1800 1431; x_wconf 84' lang='lat' dir='ltr'>auxilio</span> 
     </span>
     <span class='ocr_line' id='line_1_27' title="bbox 460 1442 1799 1491; baseline 0.002 -12"><span class='ocrx_word' id='word_1_223' title='bbox 460 1443 600 1491; x_wconf 87' lang='lat' dir='ltr'>pollex</span> <span class='ocrx_word' id='word_1_224' title='bbox 619 1467 631 1488; x_wconf 91' lang='lat'>‚</span> <span class='ocrx_word' id='word_1_225' title='bbox 665 1442 704 1482; x_wconf 68' lang='grc' dir='ltr'>ὃς</span> <span class='ocrx_word' id='word_1_226' title='bbox 723 1442 841 1481; x_wconf 79' lang='lat' dir='ltr'>index</span> <span class='ocrx_word' id='word_1_227' title='bbox 869 1444 936 1482; x_wconf 90' lang='lat' dir='ltr'>vel</span> <span class='ocrx_word' id='word_1_228' title='bbox 959 1444 1006 1482; x_wconf 90' lang='lat' dir='ltr'>ab</span> <span class='ocrx_word' id='word_1_229' title='bbox 1028 1443 1207 1484; x_wconf 85' lang='lat' dir='ltr'>invicem</span> <span class='ocrx_word' id='word_1_230' title='bbox 1231 1444 1426 1487; x_wconf 79' lang='lat' dir='ltr'>recedant</span> <span class='ocrx_word' id='word_1_231' title='bbox 1445 1470 1457 1488; x_wconf 88' lang='lat'>‚</span> <span class='ocrx_word' id='word_1_232' title='bbox 1489 1446 1555 1484; x_wconf 90' lang='lat' dir='ltr'>vel</span> <span class='ocrx_word' id='word_1_233' title='bbox 1589 1446 1735 1484; x_wconf 83' lang='lat' dir='ltr'>mutuo</span> <span class='ocrx_word' id='word_1_234' title='bbox 1758 1445 1799 1485; x_wconf 86' lang='lat' dir='ltr'>se</span> 
     </span>
     <span class='ocr_line' id='line_1_28' title="bbox 459 1493 1800 1547; baseline 0.004 -15"><span class='ocrx_word' id='word_1_235' title='bbox 459 1502 664 1544; x_wconf 81' lang='lat' dir='ltr'>tangant,</span> <span class='ocrx_word' id='word_1_236' title='bbox 695 1507 768 1543; x_wconf 86' lang='lat' dir='ltr'>pro</span> <span class='ocrx_word' id='word_1_237' title='bbox 786 1494 993 1538; x_wconf 73' lang='lat' dir='ltr'>varietate</span> <span class='ocrx_word' id='word_1_238' title='bbox 1019 1493 1191 1536; x_wconf 88' lang='lat' dir='ltr'>Rituum</span> <span class='ocrx_word' id='word_1_239' title='bbox 1208 1523 1221 1542; x_wconf 85' lang='lat'>‚</span> <span class='ocrx_word' id='word_1_240' title='bbox 1252 1498 1321 1547; x_wconf 89' lang='lat' dir='ltr'>qui</span> <span class='ocrx_word' id='word_1_241' title='bbox 1339 1497 1393 1542; x_wconf 69' lang='lat' dir='ltr'>,in</span> <span class='ocrx_word' id='word_1_242' title='bbox 1412 1497 1527 1536; x_wconf 73' lang='lat' dir='ltr'>Missa</span> <span class='ocrx_word' id='word_1_243' title='bbox 1559 1498 1697 1547; x_wconf 86' lang='lat' dir='ltr'>peragi</span> <span class='ocrx_word' id='word_1_244' title='bbox 1724 1497 1800 1537; x_wconf 84' lang='lat' dir='ltr'>de-</span> 
     </span>
     <span class='ocr_line' id='line_1_29' title="bbox 458 1547 1801 1597; baseline 0.001 -11"><span class='ocrx_word' id='word_1_245' title='bbox 458 1548 585 1587; x_wconf 89' lang='lat' dir='ltr'>bent.</span> <span class='ocrx_word' id='word_1_246' title='bbox 616 1547 727 1588; x_wconf 77' lang='lat' dir='ltr'>Hinc</span> <span class='ocrx_word' id='word_1_247' title='bbox 744 1547 862 1592; x_wconf 87' lang='lat' dir='ltr'>fieri,</span> <span class='ocrx_word' id='word_1_248' title='bbox 891 1558 934 1588; x_wconf 90' lang='lat' dir='ltr'>ut</span> <span class='ocrx_word' id='word_1_249' title='bbox 953 1548 1109 1588; x_wconf 89' lang='lat' dir='ltr'>Orator</span> <span class='ocrx_word' id='word_1_250' title='bbox 1138 1562 1215 1589; x_wconf 87' lang='lat' dir='ltr'>non</span> <span class='ocrx_word' id='word_1_251' title='bbox 1232 1549 1361 1588; x_wconf 90' lang='lat' dir='ltr'>solum</span> <span class='ocrx_word' id='word_1_252' title='bbox 1377 1550 1495 1597; x_wconf 78' lang='lat' dir='ltr'>posfit</span> <span class='ocrx_word' id='word_1_253' title='bbox 1522 1551 1573 1589; x_wconf 86' lang='lat' dir='ltr'>ad</span> <span class='ocrx_word' id='word_1_254' title='bbox 1601 1550 1801 1589; x_wconf 63' lang='lat' dir='ltr'>initium..</span> 
     </span>
     <span class='ocr_line' id='line_1_30' title="bbox 458 1598 1797 1652; baseline 0.001 -13"><span class='ocrx_word' id='word_1_255' title='bbox 458 1598 591 1639; x_wconf 65' lang='lat' dir='ltr'>Musae</span> <span class='ocrx_word' id='word_1_256' title='bbox 622 1609 799 1652; x_wconf 84' lang='lat' dir='ltr'>utraque</span> <span class='ocrx_word' id='word_1_257' title='bbox 818 1613 937 1642; x_wconf 87' lang='lat' dir='ltr'>manu</span> <span class='ocrx_word' id='word_1_258' title='bbox 957 1599 1120 1642; x_wconf 82' lang='lat' dir='ltr'>Miffale</span> <span class='ocrx_word' id='word_1_259' title='bbox 1141 1602 1300 1652; x_wconf 81' lang='lat' dir='ltr'>aperire</span> <span class='ocrx_word' id='word_1_260' title='bbox 1317 1628 1342 1648; x_wconf 13' lang='lat' dir='ltr'>,a</span> <span class='ocrx_word' id='word_1_261' title='bbox 1365 1602 1432 1642; x_wconf 91' lang='lat' dir='ltr'>sed</span> <span class='ocrx_word' id='word_1_262' title='bbox 1451 1603 1580 1643; x_wconf 78' lang='lat' dir='ltr'>etiam</span> <span class='ocrx_word' id='word_1_263' title='bbox 1598 1612 1693 1642; x_wconf 87' lang='lat' dir='ltr'>ante</span> <span class='ocrx_word' id='word_1_264' title='bbox 1715 1600 1797 1642; x_wconf 85' lang='lat' dir='ltr'>Of-</span> 
     </span>
     <span class='ocr_line' id='line_1_31' title="bbox 460 1652 1799 1706; baseline 0.003 -15"><span class='ocrx_word' id='word_1_265' title='bbox 460 1652 683 1693; x_wconf 77' lang='lat' dir='ltr'>fertorium</span> <span class='ocrx_word' id='word_1_266' title='bbox 716 1663 890 1706; x_wconf 87' lang='lat' dir='ltr'>utraque</span> <span class='ocrx_word' id='word_1_267' title='bbox 923 1667 1044 1695; x_wconf 85' lang='lat' dir='ltr'>manu</span> <span class='ocrx_word' id='word_1_268' title='bbox 1074 1654 1261 1694; x_wconf 88' lang='lat' dir='ltr'>Calicem</span> <span class='ocrx_word' id='word_1_269' title='bbox 1293 1664 1541 1705; x_wconf 81' lang='lat' dir='ltr'>coopertum</span> <span class='ocrx_word' id='word_1_270' title='bbox 1570 1655 1767 1705; x_wconf 84' lang='lat' dir='ltr'>detegere</span> <span class='ocrx_word' id='word_1_271' title='bbox 1782 1681 1799 1702; x_wconf 84' lang='lat'>‚</span> 
     </span>
     <span class='ocr_line' id='line_1_32' title="bbox 457 1703 1798 1756; baseline 0.003 -12"><span class='ocrx_word' id='word_1_272' title='bbox 457 1703 660 1746; x_wconf 86' lang='lat' dir='ltr'>Pateuam</span> <span class='ocrx_word' id='word_1_273' title='bbox 679 1706 718 1751; x_wconf 89' lang='lat' dir='ltr'>in</span> <span class='ocrx_word' id='word_1_274' title='bbox 734 1709 869 1747; x_wconf 87' lang='lat' dir='ltr'>altum</span> <span class='ocrx_word' id='word_1_275' title='bbox 902 1708 1094 1753; x_wconf 87' lang='lat' dir='ltr'>elevare,</span> <span class='ocrx_word' id='word_1_276' title='bbox 1126 1721 1221 1748; x_wconf 85' lang='lat' dir='ltr'>cum</span> <span class='ocrx_word' id='word_1_277' title='bbox 1240 1721 1286 1748; x_wconf 89' lang='lat' dir='ltr'>ea</span> <span class='ocrx_word' id='word_1_278' title='bbox 1305 1707 1482 1748; x_wconf 86' lang='lat' dir='ltr'>Crucem</span> <span class='ocrx_word' id='word_1_279' title='bbox 1502 1709 1619 1756; x_wconf 72' lang='lat' dir='ltr'>super</span> <span class='ocrx_word' id='word_1_280' title='bbox 1647 1707 1798 1749; x_wconf 85' lang='lat' dir='ltr'>Altare</span> 
     </span>
     <span class='ocr_line' id='line_1_33' title="bbox 456 1758 1795 1810; baseline -0.001 -11"><span class='ocrx_word' id='word_1_281' title='bbox 456 1758 675 1801; x_wconf 84' lang='lat' dir='ltr'>efformare</span> <span class='ocrx_word' id='word_1_282' title='bbox 693 1785 707 1803; x_wconf 80' lang='grc'><em>,</em></span> <span class='ocrx_word' id='word_1_283' title='bbox 738 1759 923 1800; x_wconf 83' lang='lat' dir='ltr'>Hostiam</span> <span class='ocrx_word' id='word_1_284' title='bbox 943 1761 1107 1800; x_wconf 88' lang='lat' dir='ltr'>Sacram</span> <span class='ocrx_word' id='word_1_285' title='bbox 1123 1762 1160 1799; x_wconf 91' lang='lat' dir='ltr'>in</span> <span class='ocrx_word' id='word_1_286' title='bbox 1180 1762 1250 1800; x_wconf 85' lang='lat' dir='ltr'>illa</span> <span class='ocrx_word' id='word_1_287' title='bbox 1268 1774 1418 1810; x_wconf 80' lang='lat' dir='ltr'>ponere</span> <span class='ocrx_word' id='word_1_288' title='bbox 1437 1788 1448 1807; x_wconf 91' lang='lat'>,</span> <span class='ocrx_word' id='word_1_289' title='bbox 1479 1761 1669 1802; x_wconf 80' lang='lat' dir='ltr'>Calicem</span> <span class='ocrx_word' id='word_1_290' title='bbox 1702 1769 1795 1800; x_wconf 88' lang='lat' dir='ltr'>tum</span> 
     </span>
     <span class='ocr_line' id='line_1_34' title="bbox 456 1811 1796 1863; baseline 0.001 -12"><span class='ocrx_word' id='word_1_291' title='bbox 456 1821 554 1851; x_wconf 86' lang='lat' dir='ltr'>ante</span> <span class='ocrx_word' id='word_1_292' title='bbox 587 1811 829 1852; x_wconf 86' lang='lat' dir='ltr'>infufionem</span> <span class='ocrx_word' id='word_1_293' title='bbox 847 1813 944 1853; x_wconf 90' lang='lat' dir='ltr'>Vini</span> <span class='ocrx_word' id='word_1_294' title='bbox 962 1839 975 1858; x_wconf 84' lang='lat'>,</span> <span class='ocrx_word' id='word_1_295' title='bbox 995 1823 1085 1854; x_wconf 89' lang='lat' dir='ltr'>tum</span> <span class='ocrx_word' id='word_1_296' title='bbox 1104 1815 1186 1862; x_wconf 83' lang='lat' dir='ltr'>post</span> <span class='ocrx_word' id='word_1_297' title='bbox 1204 1814 1534 1863; x_wconf 80' lang='lat' dir='ltr'>purificationem</span> <span class='ocrx_word' id='word_1_298' title='bbox 1553 1815 1796 1863; x_wconf 85' lang='lat' dir='ltr'>abstergere,</span> 
     </span>
     <span class='ocr_line' id='line_1_35' title="bbox 458 1865 1796 1919; baseline 0.001 -15"><span class='ocrx_word' id='word_1_299' title='bbox 458 1865 499 1904; x_wconf 84' lang='lat'>&amp;</span> <span class='ocrx_word' id='word_1_300' title='bbox 524 1876 645 1905; x_wconf 86' lang='lat' dir='ltr'>manu</span> <span class='ocrx_word' id='word_1_301' title='bbox 664 1865 864 1906; x_wconf 65' lang='lat' dir='ltr'>artefafta</span> <span class='ocrx_word' id='word_1_302' title='bbox 881 1875 1042 1914; x_wconf 80' lang='lat' dir='ltr'>tenere,</span> <span class='ocrx_word' id='word_1_303' title='bbox 1055 1867 1277 1919; x_wconf 88' lang='lat' dir='ltr'>omniaque</span> <span class='ocrx_word' id='word_1_304' title='bbox 1291 1867 1639 1917; x_wconf 79' lang='lat' dir='ltr'>adainuffim,quae</span> <span class='ocrx_word' id='word_1_305' title='bbox 1660 1866 1796 1909; x_wconf 69' lang='lat' dir='ltr'>ueces-</span> 
     </span>
     <span class='ocr_line' id='line_1_36' title="bbox 457 1918 1059 1969; baseline 0.012 -14"><span class='ocrx_word' id='word_1_306' title='bbox 457 1918 562 1956; x_wconf 75' lang='lat' dir='ltr'>saria</span> <span class='ocrx_word' id='word_1_307' title='bbox 579 1918 737 1959; x_wconf 89' lang='lat' dir='ltr'>fuerint</span> <span class='ocrx_word' id='word_1_308' title='bbox 753 1945 766 1965; x_wconf 96' lang='lat'>,</span> <span class='ocrx_word' id='word_1_309' title='bbox 796 1920 1031 1969; x_wconf 75' lang='lat' dir='ltr'>adimplere</span> <span class='ocrx_word' id='word_1_310' title='bbox 1048 1949 1059 1962; x_wconf 88' lang='lat'><strong>.</strong></span> 
     </span>
    </p>

    <p class='ocr_par' dir='ltr' id='par_1_6' title="bbox 405 1970 1866 2744">
     <span class='ocr_line' id='line_1_37' title="bbox 405 1970 1793 2022; baseline 0.001 -14"><span class='ocrx_word' id='word_1_311' title='bbox 405 1970 502 2020; x_wconf 85' lang='lat' dir='ltr'>Qo</span> <span class='ocrx_word' id='word_1_312' title='bbox 520 1971 621 2010; x_wconf 77' lang='lat' dir='ltr'>vcr&#39;o</span> <span class='ocrx_word' id='word_1_313' title='bbox 653 1971 702 2012; x_wconf 86' lang='lat' dir='ltr'>ad</span> <span class='ocrx_word' id='word_1_314' title='bbox 719 1973 1014 2022; x_wconf 70' lang='lat' dir='ltr'>Augustiffimae</span> <span class='ocrx_word' id='word_1_315' title='bbox 1031 1973 1182 2014; x_wconf 76' lang='lat' dir='ltr'>Hostiae</span> <span class='ocrx_word' id='word_1_316' title='bbox 1211 1974 1495 2018; x_wconf 84' lang='lat' dir='ltr'>elevationem</span> <span class='ocrx_word' id='word_1_317' title='bbox 1519 2000 1531 2019; x_wconf 86' lang='lat'>,</span> <span class='ocrx_word' id='word_1_318' title='bbox 1557 1975 1594 2013; x_wconf 64' lang='grc' dir='ltr'>ὃς</span> <span class='ocrx_word' id='word_1_319' title='bbox 1624 1971 1793 2010; x_wconf 65' lang='lat' dir='ltr'>framo-</span> 
     </span>
     <span class='ocr_line' id='line_1_38' title="bbox 459 2022 1788 2076; baseline 0.002 -16"><span class='ocrx_word' id='word_1_320' title='bbox 459 2034 554 2061; x_wconf 91' lang='lat' dir='ltr'>nem</span> <span class='ocrx_word' id='word_1_321' title='bbox 571 2048 584 2067; x_wconf 91' lang='lat'><strong>,</strong></span> <span class='ocrx_word' id='word_1_322' title='bbox 614 2022 780 2063; x_wconf 74' lang='lat' dir='ltr'>asseruit</span> <span class='ocrx_word' id='word_1_323' title='bbox 800 2025 1010 2064; x_wconf 89' lang='lat' dir='ltr'>Officialis</span> <span class='ocrx_word' id='word_1_324' title='bbox 1030 2049 1042 2069; x_wconf 90' lang='lat'>‚</span> <span class='ocrx_word' id='word_1_325' title='bbox 1071 2036 1293 2076; x_wconf 86' lang='lat' dir='ltr'>utrumque</span> <span class='ocrx_word' id='word_1_326' title='bbox 1314 2040 1389 2065; x_wconf 82' lang='lat' dir='ltr'>una</span> <span class='ocrx_word' id='word_1_327' title='bbox 1406 2051 1419 2071; x_wconf 86' lang='lat'>‚</span> <span class='ocrx_word' id='word_1_328' title='bbox 1455 2036 1583 2076; x_wconf 77' lang='lat' dir='ltr'>atque</span> <span class='ocrx_word' id='word_1_329' title='bbox 1621 2026 1788 2064; x_wconf 52' lang='lat' dir='ltr'>altera„</span> 
     </span>
     <span class='ocr_line' id='line_1_39' title="bbox 452 2075 1793 2124; baseline 0.001 -12"><span class='ocrx_word' id='word_1_330' title='bbox 452 2086 576 2113; x_wconf 87' lang='lat' dir='ltr'>manu</span> <span class='ocrx_word' id='word_1_331' title='bbox 608 2075 687 2113; x_wconf 87' lang='lat' dir='ltr'>fine</span> <span class='ocrx_word' id='word_1_332' title='bbox 704 2075 791 2114; x_wconf 92' lang='lat' dir='ltr'>ullo</span> <span class='ocrx_word' id='word_1_333' title='bbox 808 2078 966 2124; x_wconf 78' lang='lat' dir='ltr'>prorsus</span> <span class='ocrx_word' id='word_1_334' title='bbox 986 2077 1198 2124; x_wconf 86' lang='lat' dir='ltr'>periculo,</span> <span class='ocrx_word' id='word_1_335' title='bbox 1227 2078 1419 2118; x_wconf 79' lang='lat' dir='ltr'>scandalo</span> <span class='ocrx_word' id='word_1_336' title='bbox 1437 2102 1451 2122; x_wconf 83' lang='lat'><strong>‚</strong></span> <span class='ocrx_word' id='word_1_337' title='bbox 1487 2088 1556 2118; x_wconf 88' lang='lat' dir='ltr'>aut</span> <span class='ocrx_word' id='word_1_338' title='bbox 1588 2076 1793 2115; x_wconf 82' lang='lat' dir='ltr'>deformi-</span> 
     </span>
     <span class='ocr_line' id='line_1_40' title="bbox 445 2127 1784 2180; baseline 0.001 -16"><span class='ocrx_word' id='word_1_339' title='bbox 445 2135 536 2165; x_wconf 84' lang='lat' dir='ltr'>tate</span> <span class='ocrx_word' id='word_1_340' title='bbox 565 2128 614 2165; x_wconf 88' lang='lat' dir='ltr'>al&gt;</span> <span class='ocrx_word' id='word_1_341' title='bbox 642 2127 824 2168; x_wconf 86' lang='lat' dir='ltr'>Oratore</span> <span class='ocrx_word' id='word_1_342' title='bbox 842 2129 1012 2176; x_wconf 70' lang='lat' dir='ltr'>perficis</span> <span class='ocrx_word' id='word_1_343' title='bbox 1044 2129 1257 2180; x_wconf 81' lang='lat' dir='ltr'>ipsumque</span> <span class='ocrx_word' id='word_1_344' title='bbox 1287 2142 1366 2178; x_wconf 85' lang='lat' dir='ltr'>ope</span> <span class='ocrx_word' id='word_1_345' title='bbox 1387 2142 1541 2175; x_wconf 60' lang='lat' dir='ltr'>&gt;manus</span> <span class='ocrx_word' id='word_1_346' title='bbox 1574 2127 1784 2168; x_wconf 64' lang='lat' dir='ltr'>artefastae</span> 
     </span>
     <span class='ocr_line' id='line_1_41' title="bbox 449 2178 1782 2232; baseline 0.001 -14"><span class='ocrx_word' id='word_1_347' title='bbox 449 2179 642 2218; x_wconf 86' lang='lat' dir='ltr'>Hostiam</span> <span class='ocrx_word' id='word_1_348' title='bbox 672 2178 893 2230; x_wconf 85' lang='lat' dir='ltr'>frangere,</span> <span class='ocrx_word' id='word_1_349' title='bbox 922 2182 960 2220; x_wconf 71' lang='lat' dir='ltr'>Sc</span> <span class='ocrx_word' id='word_1_350' title='bbox 989 2178 1178 2221; x_wconf 87' lang='lat' dir='ltr'>Calicem</span> <span class='ocrx_word' id='word_1_351' title='bbox 1209 2182 1402 2222; x_wconf 82' lang='lat' dir='ltr'>elevare.</span> <span class='ocrx_word' id='word_1_352' title='bbox 1438 2182 1590 2222; x_wconf 79' lang='lat' dir='ltr'>Eadem</span> <span class='ocrx_word' id='word_1_353' title='bbox 1620 2193 1782 2232; x_wconf 81' lang='lat' dir='ltr'>quoque</span> 
     </span>
     <span class='ocr_line' id='line_1_42' title="bbox 449 2231 1784 2283; baseline 0 -12"><span class='ocrx_word' id='word_1_354' title='bbox 449 2232 621 2271; x_wconf 81' lang='lat' dir='ltr'>testatus</span> <span class='ocrx_word' id='word_1_355' title='bbox 641 2233 694 2274; x_wconf 86' lang='lat' dir='ltr'>est</span> <span class='ocrx_word' id='word_1_356' title='bbox 721 2231 772 2272; x_wconf 92' lang='lat' dir='ltr'>de</span> <span class='ocrx_word' id='word_1_357' title='bbox 787 2233 880 2272; x_wconf 82' lang='lat' dir='ltr'>aliis</span> <span class='ocrx_word' id='word_1_358' title='bbox 897 2233 1043 2283; x_wconf 76' lang='lat' dir='ltr'>ritibus</span> <span class='ocrx_word' id='word_1_359' title='bbox 1060 2259 1073 2278; x_wconf 91' lang='lat'>,</span> <span class='ocrx_word' id='word_1_360' title='bbox 1104 2235 1142 2274; x_wconf 87' lang='lat'>&amp;</span> <span class='ocrx_word' id='word_1_361' title='bbox 1156 2235 1420 2274; x_wconf 83' lang='lat' dir='ltr'>coeremoniis</span> <span class='ocrx_word' id='word_1_362' title='bbox 1438 2235 1488 2275; x_wconf 73' lang='lat' dir='ltr'>ad</span> <span class='ocrx_word' id='word_1_363' title='bbox 1504 2232 1630 2273; x_wconf 64' lang='lat' dir='ltr'>Missae</span> <span class='ocrx_word' id='word_1_364' title='bbox 1651 2233 1784 2273; x_wconf 82' lang='lat' dir='ltr'>Sacri·</span> 
     </span>
     <span class='ocr_line' id='line_1_43' title="bbox 447 2285 1785 2334; baseline -0.001 -9"><span class='ocrx_word' id='word_1_365' title='bbox 447 2285 586 2325; x_wconf 70' lang='lat' dir='ltr'>ficium</span> <span class='ocrx_word' id='word_1_366' title='bbox 606 2285 910 2334; x_wconf 86' lang='lat' dir='ltr'>pertinentibus</span> <span class='ocrx_word' id='word_1_367' title='bbox 935 2300 950 2327; x_wconf 82' lang='grc'>,-</span> <span class='ocrx_word' id='word_1_368' title='bbox 981 2285 1195 2334; x_wconf 73' lang='lat' dir='ltr'>Quareita</span> <span class='ocrx_word' id='word_1_369' title='bbox 1209 2288 1405 2329; x_wconf 85' lang='lat' dir='ltr'>conclufit</span> <span class='ocrx_word' id='word_1_370' title='bbox 1436 2300 1464 2322; x_wconf 92' lang='lat'>=</span> <span class='ocrx_word' id='word_1_371' title='bbox 1492 2287 1785 2334; x_wconf 74' lang='lat' dir='ltr'>Ceterumfacae&#39;-</span> 
     </span>
     <span class='ocr_line' id='line_1_44' title="bbox 451 2335 1784 2390; baseline 0 -15"><span class='ocrx_word' id='word_1_372' title='bbox 451 2338 486 2376; x_wconf 75' lang='grc' dir='ltr'>Ιὲ</span> <span class='ocrx_word' id='word_1_373' title='bbox 496 2338 611 2387; x_wconf 84' lang='lat' dir='ltr'>perse</span> <span class='ocrx_word' id='word_1_374' title='bbox 626 2335 886 2390; x_wconf 57' lang='lat' dir='ltr'>dijudicabunt</span> <span class='ocrx_word' id='word_1_375' title='bbox 901 2338 980 2378; x_wconf 77' lang='lat' dir='ltr'>EE.</span> <span class='ocrx_word' id='word_1_376' title='bbox 1001 2340 1046 2375; x_wconf 88' lang='lat' dir='ltr'><em>V</em></span> <span class='ocrx_word' id='word_1_377' title='bbox 1044 2341 1097 2379; x_wconf 87' lang='lat' dir='ltr'>V.</span> <span class='ocrx_word' id='word_1_378' title='bbox 1115 2365 1128 2385; x_wconf 82' lang='lat'>‚</span> <span class='ocrx_word' id='word_1_379' title='bbox 1160 2341 1309 2388; x_wconf 78' lang='lat' dir='ltr'>nonfine</span> <span class='ocrx_word' id='word_1_380' title='bbox 1337 2354 1461 2389; x_wconf 83' lang='lat' dir='ltr'>magno</span> <span class='ocrx_word' id='word_1_381' title='bbox 1479 2341 1691 2389; x_wconf 80' lang='lat' dir='ltr'>sumptuum</span> <span class='ocrx_word' id='word_1_382' title='bbox 1715 2342 1784 2376; x_wconf 82' lang='lat' dir='ltr'>im-</span> 
     </span>
     <span class='ocr_line' id='line_1_45' title="bbox 450 2391 1786 2443; baseline -0.001 -14"><span class='ocrx_word' id='word_1_383' title='bbox 450 2393 584 2440; x_wconf 65' lang='lat' dir='ltr'>pendio</span> <span class='ocrx_word' id='word_1_384' title='bbox 598 2392 734 2433; x_wconf 60' lang='lat' dir='ltr'>difflum</span> <span class='ocrx_word' id='word_1_385' title='bbox 748 2391 947 2441; x_wconf 71' lang='lat' dir='ltr'>Josephum</span> <span class='ocrx_word' id='word_1_386' title='bbox 961 2395 1155 2434; x_wconf 72' lang='lat' dir='ltr'>Oratorem</span> <span class='ocrx_word' id='word_1_387' title='bbox 1173 2393 1244 2441; x_wconf 85' lang='lat' dir='ltr'>sub</span> <span class='ocrx_word' id='word_1_388' title='bbox 1255 2394 1315 2442; x_wconf 86' lang='lat' dir='ltr'>spe</span> <span class='ocrx_word' id='word_1_389' title='bbox 1334 2393 1606 2443; x_wconf 68' lang='lat' dir='ltr'>daspenstm&#39;onix</span> <span class='ocrx_word' id='word_1_390' title='bbox 1623 2392 1786 2441; x_wconf 77' lang='lat' dir='ltr'>Aposto-</span> 
     </span>
     <span class='ocr_line' id='line_1_46' title="bbox 451 2444 1786 2494; baseline 0 -13"><span class='ocrx_word' id='word_1_391' title='bbox 451 2444 532 2482; x_wconf 77' lang='lat' dir='ltr'>licc</span> <span class='ocrx_word' id='word_1_392' title='bbox 547 2445 716 2494; x_wconf 78' lang='lat' dir='ltr'>hancfibi</span> <span class='ocrx_word' id='word_1_393' title='bbox 730 2458 876 2483; x_wconf 81' lang='lat' dir='ltr'>manum</span> <span class='ocrx_word' id='word_1_394' title='bbox 890 2445 1018 2492; x_wconf 82' lang='lat' dir='ltr'>confici</span> <span class='ocrx_word' id='word_1_395' title='bbox 1028 2445 1169 2494; x_wconf 74' lang='lat' dir='ltr'>‘curaffe</span> <span class='ocrx_word' id='word_1_396' title='bbox 1186 2473 1198 2489; x_wconf 76' lang='grc'><em>,</em></span> <span class='ocrx_word' id='word_1_397' title='bbox 1227 2447 1278 2484; x_wconf 85' lang='lat' dir='ltr'>Ec</span> <span class='ocrx_word' id='word_1_398' title='bbox 1292 2459 1424 2484; x_wconf 85' lang='lat' dir='ltr'>novum</span> <span class='ocrx_word' id='word_1_399' title='bbox 1439 2448 1502 2484; x_wconf 80' lang='lat' dir='ltr'>ho:</span> <span class='ocrx_word' id='word_1_400' title='bbox 1521 2448 1610 2482; x_wconf 77' lang='lat' dir='ltr'>artis</span> <span class='ocrx_word' id='word_1_401' title='bbox 1639 2446 1786 2483; x_wconf 83' lang='lat' dir='ltr'>mecha-</span> 
     </span>
     <span class='ocr_line' id='line_1_47' title="bbox 449 2496 1782 2549; baseline 0.001 -15"><span class='ocrx_word' id='word_1_402' title='bbox 449 2501 539 2535; x_wconf 81' lang='lat' dir='ltr'>nicae</span> <span class='ocrx_word' id='word_1_403' title='bbox 551 2496 757 2546; x_wconf 77' lang='lat' dir='ltr'>prodigium</span> <span class='ocrx_word' id='word_1_404' title='bbox 772 2522 785 2542; x_wconf 88' lang='lat'>‚</span> <span class='ocrx_word' id='word_1_405' title='bbox 815 2502 973 2541; x_wconf 76' lang='lat' dir='ltr'>omnium</span> <span class='ocrx_word' id='word_1_406' title='bbox 987 2524 1000 2544; x_wconf 93' lang='lat'>,</span> <span class='ocrx_word' id='word_1_407' title='bbox 1016 2507 1188 2549; x_wconf 81' lang='lat' dir='ltr'>quotquot</span> <span class='ocrx_word' id='word_1_408' title='bbox 1201 2497 1301 2539; x_wconf 70' lang='lat' dir='ltr'>illud</span> <span class='ocrx_word' id='word_1_409' title='bbox 1316 2500 1444 2537; x_wconf 80' lang='lat' dir='ltr'>videre</span> <span class='ocrx_word' id='word_1_410' title='bbox 1459 2499 1615 2545; x_wconf 79' lang='lat' dir='ltr'>contigit</span> <span class='ocrx_word' id='word_1_411' title='bbox 1633 2521 1646 2540; x_wconf 89' lang='lat'>‚</span> <span class='ocrx_word' id='word_1_412' title='bbox 1656 2498 1782 2547; x_wconf 80' lang='lat' dir='ltr'>fingu-</span> 
     </span>
     <span class='ocr_line' id='line_1_48' title="bbox 450 2548 1866 2601; baseline -0.001 -14"><span class='ocrx_word' id='word_1_413' title='bbox 450 2548 524 2587; x_wconf 77' lang='lat' dir='ltr'>lari</span> <span class='ocrx_word' id='word_1_414' title='bbox 538 2552 781 2590; x_wconf 74' lang='lat' dir='ltr'>admiracione</span> <span class='ocrx_word' id='word_1_415' title='bbox 796 2561 988 2601; x_wconf 80' lang='lat' dir='ltr'>exceptum</span> <span class='ocrx_word' id='word_1_416' title='bbox 1003 2577 1015 2598; x_wconf 93' lang='lat'>‚</span> <span class='ocrx_word' id='word_1_417' title='bbox 1042 2560 1201 2600; x_wconf 82' lang='lat' dir='ltr'>perenne</span> <span class='ocrx_word' id='word_1_418' title='bbox 1218 2576 1231 2596; x_wconf 90' lang='lat'>‚</span> <span class='ocrx_word' id='word_1_419' title='bbox 1257 2555 1298 2594; x_wconf 74' lang='lat'>&amp;⁴</span> <span class='ocrx_word' id='word_1_420' title='bbox 1314 2554 1524 2589; x_wconf 76' lang='lat' dir='ltr'>convincens</span> <span class='ocrx_word' id='word_1_421' title='bbox 1543 2550 1784 2599; x_wconf 78' lang='lat' dir='ltr'>testimonium</span> <span class='ocrx_word' id='word_1_422' title='bbox 1852 2590 1866 2600; x_wconf 34' lang='lat'>‚-</span> 
     </span>
     <span class='ocr_line' id='line_1_49' title="bbox 443 2602 1784 2654; baseline 0.001 -16"><span class='ocrx_word' id='word_1_423' title='bbox 443 2602 498 2652; x_wconf 55' lang='lat' dir='ltr'>{9st</span> <span class='ocrx_word' id='word_1_424' title='bbox 513 2603 744 2650; x_wconf 78' lang='lat' dir='ltr'>ardentiffimi</span> <span class='ocrx_word' id='word_1_425' title='bbox 770 2605 872 2642; x_wconf 83' lang='lat' dir='ltr'>illius</span> <span class='ocrx_word' id='word_1_426' title='bbox 891 2604 968 2650; x_wconf 63' lang='lat' dir='ltr'>zeli</span> <span class='ocrx_word' id='word_1_427' title='bbox 981 2629 994 2648; x_wconf 91' lang='lat'>,</span> <span class='ocrx_word' id='word_1_428' title='bbox 1029 2607 1073 2648; x_wconf 79' lang='lat'><em>&amp;</em></span> <span class='ocrx_word' id='word_1_429' title='bbox 1087 2606 1375 2651; x_wconf 81' lang='lat' dir='ltr'>vehementiffimi</span> <span class='ocrx_word' id='word_1_430' title='bbox 1391 2604 1561 2653; x_wconf 71' lang='lat' dir='ltr'>defiderii</span> <span class='ocrx_word' id='word_1_431' title='bbox 1576 2628 1590 2648; x_wconf 91' lang='lat'>,</span> <span class='ocrx_word' id='word_1_432' title='bbox 1606 2617 1673 2654; x_wconf 83' lang='lat' dir='ltr'>quo</span> <span class='ocrx_word' id='word_1_433' title='bbox 1685 2604 1784 2641; x_wconf 86' lang='lat' dir='ltr'>Ora-</span> 
     </span>
     <span class='ocr_line' id='line_1_50' title="bbox 454 2656 1782 2744; baseline 0 -51"><span class='ocrx_word' id='word_1_434' title='bbox 454 2656 727 2706; x_wconf 64' lang='lat' dir='ltr'>torsaepediflus</span> <span class='ocrx_word' id='word_1_435' title='bbox 739 2662 903 2707; x_wconf 70' lang='lat' dir='ltr'>gratiam</span> <span class='ocrx_word' id='word_1_436' title='bbox 916 2657 1165 2708; x_wconf 64' lang='lat' dir='ltr'>Apostolicam</span> <span class='ocrx_word' id='word_1_437' title='bbox 1177 2665 1349 2707; x_wconf 79' lang='lat' dir='ltr'>exoptat,</span> <span class='ocrx_word' id='word_1_438' title='bbox 1379 2660 1422 2702; x_wconf 57' lang='grc' dir='ltr'>(δ’</span> <span class='ocrx_word' id='word_1_439' title='bbox 1439 2657 1606 2708; x_wconf 79' lang='lat' dir='ltr'>suspirat</span> <span class='ocrx_word' id='word_1_440' title='bbox 1631 2683 1646 2704; x_wconf 86' lang='lat'>‚</span> <span class='ocrx_word' id='word_1_441' title='bbox 1674 2668 1782 2744; x_wconf 52' lang='lat' dir='ltr'>qua-5</span> 
     </span>
    </p>

    <p class='ocr_par' dir='ltr' id='par_1_7' title="bbox 1694 2717 1793 2752">
     <span class='ocr_line' id='line_1_51' title="bbox 1694 2717 1793 2752; baseline 0 0"><span class='ocrx_word' id='word_1_442' title='bbox 1694 2717 1762 2752; x_wconf 68' lang='lat'>‘3¹¹</span> <span class='ocrx_word' id='word_1_443' title='bbox 1779 2732 1793 2740; x_wconf 80' lang='lat'>-</span> 
     </span>
    </p>
   </div>
  </div>
 </body>
</html>
