1924 2970
463 123 508 149 ῃ
937 109 996 144 26.
1014 104 1198 155 Jonuarii
1223 108 1341 152 177i.

462 163 555 202 sane
573 169 639 198 tot
655 169 783 198 onera
802 158 981 203 injuncta
1001 169 1080 196 uon
1095 159 1189 196 sunt
1207 182 1221 203 ,
1254 165 1298 196 ut
1315 155 1506 209 quotidie
1521 154 1648 206 Mista'
1668 157 1796 199 fitec-

465 212 686 256 lebranda‚
716 213 755 251 δε
773 211 981 250 canenda.

412 263 733 308 Eminentiffimi
751 262 893 302 Patres
909 263 1096 302 omnibus
1115 270 1277 302 mature
1296 287 1308 307 ,
1328 269 1374 301 ut
1389 259 1582 306 assolent,
1619 271 1797 310 per-pen-

463 320 508 357 sis
523 344 535 363 ‚
565 316 786 365 dignentur
803 314 1018 355 deffinire

411 374 478 413 An
492 367 732 418 consortiales
762 371 978 407 Communiae
995 371 1036 406 S.
1055 367 1166 405 Pauli
1181 366 1312 414 Maffae
1341 368 1624 405 Lombardorum
1644 375 1799 404 tenean—

518 434 579 460 tur
619 422 780 472 quotidie
816 421 1003 460 celebrare
1019 420 1169 470 Mifficm
1199 418 1373 470 majorem
1396 430 1461 470 pro
1489 417 1790 464 Βεπείαᾶονίὸκι

477 503 483 509 ,
519 488 559 512 m
566 487 701 523 genere
717 477 756 512 in
773 474 897 522 casuo'
875 487 948 517 sc·-
1053 488 1058 492 ·

42 983 140 1031 S‘ffi
151 999 214 1034 ²4·
242 996 305 1036 ΜΡ
311 1000 389 1027 ·¹²
419 1000 462 1088 I
477 984 865 1040 NTERAMNEN.
920 999 1160 1048 Capitulum
1188 998 1456 1038 Cathedralis
1472 999 1658 1040 Ecclefiae
1679 1001 1796 1038 Inte-

38 1038 85 1073 αι’
104 1035 274 1086 Res‘Wm·
489 1066 671 1093 tamnen.
688 1052 903 1093 retroactis
919 1053 1175 1101 temporibus
1205 1051 1487 1091 vacationibus
1504 1053 1687 1101 gavisum
1718 1048 1790 1089 est,

473 1118 572 1158 quas
603 1106 822 1145 Conciliares
838 1105 1181 1150 vocant,cuilibet
1199 1103 1402 1143 videlicet
1419 1116 1465 1143 ex
1480 1101 1788 1153 capitularibus

473 1157 568 1208 affig
572 1167 668 1198 nato
694 1158 808 1198 annis
823 1158 983 1207 lingulis
1005 1156 1193 1196 trimestri
1212 1181 1225 1200 ‚
1257 1169 1369 1207 quoa
1394 1155 1520 1195 Chori
1538 1158 1710 1198 servitio
1725 1153 1796 1190 21)-

474 1172 568 1251 effeg
577 1211 754 1251 liceret.
782 1211 941 1250 Verum
957 1222 1006 1249 ne
1031 1209 1208 1248 Ecelefia
1228 1208 1378 1248 debitis
1411 1207 1668 1250 fraudaretur
1684 1205 1795 1249 obse-

475 1263 581 1314 quiis
597 1287 610 1306 ‚
639 1263 672 1301 fi
693 1263 760 1302 vel
779 1273 920 1301 omnes
940 1261 1087 1301 eodem
1104 1271 1292 1310 tempore
1309 1258 1488 1302 abessent
1505 1287 1519 1306 ‚
1540 1264 1605 1301 vel
1623 1263 1794 1301 follem·
1840 1262 1854 1300 ἶ

474 1315 654 1354 nioribus
671 1313 772 1354 infra
789 1326 938 1354 annum
967 1313 1108 1353 diebus
1125 1312 1260 1352 Choro
1281 1326 1359 1352 non
1386 1313 1660 1360 interessent,
1675 1314 1804 1353 Sacra

473 1367 779 1416 congregatio,
809 1367 1006 1411 modum,
1034 1376 1320 1416 rationemque
1335 1377 1383 1404 ns
1407 1367 1693 1407 vocationibus
1722 1366 1797 1404 im-

473 1419 607 1468 posuit
637 1420 697 1456 die
716 1433 777 1458 21.
807 1418 911 1468 Jalii
930 1423 1042 1467 1640.
1079 1418 1333 1457 declarando
1365 1443 1378 1463 ,
1412 1421 1602 1458 Canonicos
1630 1418 1796 1468 Ecclefiae

475 1471 703 1509 cathedralis
718 1472 962 1509 Interamnen.
994 1471 1242 1508 vacationibus
1257 1473 1313 1507 uti
1326 1483 1394 1507 nou
1407 1471 1502 1518 poffe
1519 1473 1644 1510 diebus
1661 1472 1796 1510 Domi-

473 1527 563 1561 uicis
581 1547 594 1567 ,
622 1525 666 1565 ὠ·
687 1523 801 1570 Festis
817 1526 928 1560 totius
944 1521 1075 1565 Anni,
1093 1522 1297 1558 necdiebus
1313 1522 1520 1560 Adventus
1536 1549 1549 1568 ‚
1574 1524 1798 1574 Qadrage-

463 1576 562 1623 fimae
573 1597 586 1617 ,
617 1575 845 1613 offlavarura
854 1576 1094 1612 Nativitatis
1111 1598 1127 1617 ‚
1157 1575 1199 1616 ὠ·
1214 1571 1504 1622 Resurref't'ionis
1521 1577 1798 1620 Domini‚Pen-'

475 1627 639 1675 tet-ostes,
673 1629 716 1669 ἐν
736 1628 899 1674 Corporis
932 1625 1103 1675 Christi,
1135 1627 1179 1669 ἐγ
1207 1638 1390 1675 nunquam
1418 1640 1438 1663 a
1456 1628 1617 1675 servitio
1645 1629 1805 1666 eodem-›-

472 1688 625 1728 tempore
642 1678 741 1715 ultra
755 1681 903 1716 tertiam
915 1687 1056 1728 partem
1089 1677 1205 1726 abeffl
1215 1677 1311 1727 poffe
1327 1703 1341 1724 ‚
1356 1679 1703 1729 quemadmodum
1721 1682 1802 1719 ha-

471 1733 618 1770 betur
603 1744 642 1767 m
659 1731 722 1770 lib.
732 1735 791 1769 16.
807 1733 950 1770 decret.
963 1740 1048 1781 pag.
1052 1735 1144 1790 406.
1165 1741 1262 1779 terg.
1792 1748 1800 1751 -
1843 1732 1857 1737 ”

419 1784 511 1822 Hoc
529 1792 667 1822 tamen
695 1795 772 1821 non
787 1783 966 1823 obstante
986 1784 1103 1823 usus
1096 1796 1135 1822 in
1150 1782 1300 1822 eadem
1321 1783 1566 1823 Cathedtali
1594 1783 1792 1829 invaluit,

473 1844 516 1875 ut
536 1834 734 1874 Canonjci
750 1859 763 1878 ,
792 1836 831 1875 ὃς
849 1834 1088 1875 Beneficiati
1108 1861 1121 1880 ‚
1153 1835 1223 1886 qui
1251 1847 1469 1876 numerum
1485 1835 1657 1875 duorum
1675 1837 1806 1885 supra-

467 1887 617 1937 viginti
634 1888 748 1927 fimul
765 1888 1016 1927 constituunt
1037 1912 1050 1932 ‚
1079 1900 1341 1939 quocumque
1360 1889 1453 1928 anni
1469 1897 1657 1937 tempore
1674 1900 1806 1927 vaca-f

470 1939 594 1979 tionis
613 1939 699 1980 dies
715 1952 786 1989 pro
801 1939 924 1978 libito
937 1940 1005 1978 fibi
1026 1941 1185 1989 eligant
1198 1965 1212 1984 ‚
1229 1939 1383 1981 adeout
1409 1941 1604 1981 mensibus
1626 1948 1790 1980 autum·-

469 1992 627 2031 nalibus
644 1992 830 2042 plerique
850 1993 1037 2031 Chorum
1053 1992 1241 2032 deserant
1256 2016 1269 2036 ‚
1300 1995 1338 2033 Sc
1360 1993 1427 2032 vix
1446 1994 1527 2032 duo
1549 1993 1808 2043 aliquando,-

469 2053 540 2083 aut
555 2053 640 2082 tres
660 2044 857 2084 intersint
873 2070 886 2089 ‚
917 2044 986 2096 qui
1003 2045 1177 2084 Divinas
1196 2045 1338 2085 laudes
1355 2054 1532 2086 canent3
1561 2045 1702 2096 Atque
1730 2045 1799 2103 ita.

469 2096 652 2135 Ecclefia
669 2096 914 2147 quandoque
940 2098 1047 2147 quafi
1061 2096 1248 2137 desolata
1267 2098 1438 2147 lugeat,
1456 2099 1494 2137 Sc
1512 2097 1704 2138 indecore
1735 2097 1800 2136 ni-

473 2149 553 2188 mis
572 2147 722 2187 Divina
738 2148 873 2188 officia
893 2157 1162 2199 peragantur.
1181 2150 1247 2189 Ad
1263 2150 1493 2209 hujusmodi
1518 2149 1798 2190 evellendum·

472 2201 636 2240 abusum
654 2226 667 2245 ‚
696 2209 819 2252 atque
835 2201 1126 2242 inconveniens
1144 2227 1157 2247 ‚
1174 2203 1356 2242 unanimi
1375 2202 1677 2242 Canonicorum
1692 2215 1789 2240 con-

474 2253 586 2293 sensu
628 2253 852 2293 resolutum
873 2252 981 2300 fuit,
1015 2254 1243 2303 supplicem
1273 2254 1310 2294 S.
1339 2255 1434 2294 huic
1463 2253 1788 2305 congregationi
1848 2258 1858 2295 s

476 2305 666 2345 exhibere
683 2305 874 2344 libellum
891 2324 910 2350 ‚*
929 2318 1001 2354 pro
1015 2307 1343 2347 commutatione
1360 2307 1521 2347 servitii
1542 2333 1555 2353 ,
1585 2319 1632 2346 ac
1648 2319 1719 2356 pro
1736 2305 1793 2346 fa-

476 2357 637 2397 cultate
666 2357 770 2398 illud
785 2359 989 2398 statuendi
1016 2360 1190 2398 alternis
1217 2358 1481 2399 hebdomadis
1502 2385 1514 2405 ,
1546 2361 1603 2398 ita
1631 2368 1788 2404 tamen,

476 2417 523 2448 ut
539 2408 700 2448 dierum
717 2422 910 2451 numerus
943 2412 1146 2451 trimestre
1159 2411 1504 2458 componentium
1516 2438 1529 2457 ,
1555 2424 1634 2451 non
1653 2412 1791 2450 immi-

474 2469 624 2501 nuatur
641 2487 654 2505 ‚
669 2462 735 2501 sed
752 2463 869 2503 ficuti
886 2463 1018 2503 minor
1033 2463 1114 2505 erit
1128 2475 1325 2503 vnumerus
1343 2464 1504 2503 dierum
1522 2464 1788 2503 vacationum

477 2514 610 2552 diviso
627 2513 796 2554 servitio
823 2527 893 2562 per
909 2516 1275 2561 hebdomadas,ita
1282 2516 1330 2555 ad
1347 2516 1637 2563 complendum
1651 2515 1802 2555 trime-

476 2566 743 2605 streliberum
767 2567 910 2608 iisdem
938 2569 1013 2614 fit,
1043 2568 1266 2619 quibusque
1294 2569 1386 2607 aliis
1418 2568 1544 2608 etiam
1578 2567 1683 2608 festis
1711 2567 1804 2608 die-³

479 2620 577 2662 bus,
606 2620 790 2666 exceptis
819 2629 980 2659 tantum
1008 2620 1362 2666 sollemniotibus,
1392 2622 1430 2661 ὃς
1457 2630 1645 2672 tempore
1675 2619 1789 2667 Qa-

480 2669 708 2720 dragefimae
726 2697 740 2718 ,
768 2673 817 2712 ab
834 2673 1020 2715 Ecclefiae
1049 2673 1220 2714 servitio
1236 2685 1408 2714 vacare
1632 2725 1673 2764 H

1678 2723 1741 2762 uic
