1924 2970
513 60 585 98 352
1067 50 1126 84 1²3.
1143 42 1245 92 {funi
1267 55 1382 89 5772.

505 116 549 144 ge
567 129 580 147 ‚
605 98 806 149 nullaque
825 107 871 136 ex
886 96 1005 137 eausa
1020 102 1215 135 teneatur
1233 95 1456 146 quidquam
1473 92 1522 134 de
1546 96 1721 143 proprio
1747 110 1844 140 ero-

505 166 601 206 gare
622 153 662 190 jn
680 152 999 198 ‚mplementum
1016 148 1134 187 dist-x
1149 147 1441 196 dispostfionis,
1461 146 1528 185 sed
1545 155 1669 187 tantu
1680 148 1725 186 m*
1738 153 1840 193 hane

509 204 658 256 exequi
678 207 816 244 valeat
848 205 961 247 juxta
991 200 1270 250 quantitatem
1301 200 1516 239 redituum
1548 200 1746 239 bonorum
1761 227 1774 245 ‚
1802 205 1840 244 Sc

509 259 718 298 srut‘tuum
735 253 984 307 hereditatis
999 282 1009 292 .
1042 252 1166 292 Hisce
1195 251 1365 300 proinde
1397 253 1450 292 fic
1481 252 1677 292 stantibus
1694 279 1706 298 ‚
1737 266 1842 296 nunc

513 312 667 351 iterum
685 306 946 361 quaerendum
964 330 977 349 ‚
994 318 1041 344 an
1062 305 1270 345 Oratricis
1287 305 1473 354 precibus
1504 305 1552 345 fit
1581 306 1844 346 annuendum

512 376 585 413 pro
599 361 871 401 translatione
888 357 1003 399 dina
1018 357 1271 400 haereditatis
1301 358 1343 397 in
1363 357 1608 398 sodalitium
1628 357 1744 396 SSriu'
1776 359 1844 399 Sas

515 424 741 460 cranienti.
1641 429 1655 432 ⁷·
1678 430 1681 434 ·

460 468 606 519 ‘lnquit
624 467 794 518 Josepha
809 464 979 504 Oratrix
994 488 1008 509 ‚
1027 476 1104 503 non
1121 465 1247 505 semel
1267 490 1282 510 ‚
1298 464 1365 504 sed
1382 465 1536 513 pluries
1553 463 1847 505 auetoritat‘u

516 524 643 561 etiam
662 519 791 557 Sacrae
810 518 928 562 hujus
942 517 1287 567 Congregationis
1304 517 1593 565 interpellatos
1623 515 1740 556 fuisse
1758 525 1847 556 tam

516 575 746 614 Parochum
770 570 954 609 Ecclefiae
972 568 1119 609 Portus
1140 570 1281 609 salutis
1297 595 1311 615 ‚
1345 582 1466 621 quam
1494 570 1844 610 Procuratorem..

518 626 759 664 Conventus
777 621 950 663 Ordinis
972 621 1356 662 Fra-dicatorumad
1366 623 1657 662 declarandum
1674 647 1687 665 ⁵
1705 635 1753 661 an
1773 633 1847 660 ve-

519 679 601 718 lint
618 700 630 719 ‚
664 688 736 715 nec
756 688 805 714 ne
825 675 1012 714 relistam
1044 675 1328 714 haereditatem
1360 684 1607 724 acceptare:
1642 679 1713 714 hos
1746 685 1847 712 vero

517 730 678 777 semper
706 737 972 767 contumaces
989 725 1104 766 fuisse
1122 752 1136 772 ‚
1167 739 1240 767 nec
1265 728 1555 767 haereditatem
1589 725 1814 776 acceptasse
1831 750 1849 775 ρ

519 782 695 832 ideoque
714 792 803 820 eam
820 792 893 829 pro
908 779 1120 828 repudiata
1156 781 1380 820 habendam
1411 780 1488 820 effe
1524 781 1730 829 Amostaz.
1761 779 1847 817 ᾰε.»

522 835 631 884 Caus.
643 837 713 884 piis
728 833 838 872 liba.
856 837 976 882 cap.6.
995 843 1135 876 meras.
1155 857 1168 876 ‚
1199 833 1350 884 &seqq.
1369 862 1380 873 .
1412 832 1715 872 Necessitatem
1752 830 1847 869 ideo

518 899 680 936 urgere,
694 894 737 925 ut
754 885 879 924 alteri
897 885 1190 926 committatur
1207 887 1398 925 executio
1413 886 1645 924 voluntatis
1662 883 1849 923 Testato-

521 940 575 979 ris
592 939 640 979 ad
658 941 752 983 hoe,
770 946 815 977 ut
832 949 1027 987 pauperes
1047 937 1213 977 infirmae
1242 938 1432 977 reli<0cum
1451 939 1749 987 consequantur
1777 946 1849 974 au·

521 993 667 1031 xilium
687 1017 701 1036 ,
732 992 770 1031 Sc
789 1001 855 1038 pia
870 990 1330 1037 disponentisvoluntas
1349 999 1504 1041 quanto
1530 989 1654 1029 citius
1683 1000 1848 1038 prome·

525 1047 651 1084 ritum
669 1043 857 1082 obtineat
887 1041 1080 1082 effestnm
1097 1071 1108 1084 .

470 1099 581 1144 Hinc
612 1096 874 1145 spectandum
893 1107 971 1133 non
986 1094 1063 1134 esse
1081 1120 1095 1140 ‚
1121 1107 1168 1133 an
1187 1096 1418 1144 subrogatio
1435 1093 1629 1133 Sodalitii
1659 1103 1847 1131 commu-

521 1149 724 1190 tationem
742 1147 972 1189 voluntatis
991 1145 1518 1192 Testatorisisecumferats
1550 1145 1612 1184 Ita
1643 1145 1753 1184 enim
1782 1156 1855 1183 ur-

522 1213 619 1252 gere
638 1199 923 1239 necessitatem
940 1199 990 1236 ob
1007 1199 1314 1239 contumaciam
1346 1199 1579 1238 executoris
1597 1210 1618 1237 a
1635 1197 1852 1239 Testatore.

523 1252 731 1304 praeeleffi
748 1263 758 1289 ε
776 1251 832 1292 At
848 1260 1019 1300 urgente
1037 1251 1281 1291 necessitate
1294 1251 1631 1291 commutandam
1661 1247 1738 1289 effe
1771 1261 1847 1287 vo-

524 1308 733 1345 luntatem
748 1328 761 1348 ,
777 1317 826 1343 ne
845 1304 947 1343 alias
966 1306 1050 1342 haec
1071 1303 1213 1344 debito
1230 1313 1371 1344 careat
1387 1303 1534 1344 effeetu
1554 1333 1563 1342 .
1588 1301 1846 1343 Potissimum

524 1370 626 1397 vero
643 1382 656 1400 ‚
675 1356 835 1407 quando
850 1382 863 1401 ,
883 1365 1004 1402 prout
1023 1356 1061 1397 in
1080 1358 1170 1395 casu
1187 1383 1200 1402 ‚
1217 1357 1256 1396 in
1274 1357 1407 1396 nihilo
1419 1356 1630 1396 substantia
1653 1356 1850 1394 volunta-

525 1411 580 1450 tis
598 1418 785 1448 mutatur
800 1433 814 1452 ‚
834 1408 900 1450 sed
918 1407 1078 1457 integra
1107 1408 1239 1448 adhuc
1258 1409 1468 1449 servantur
1482 1409 1620 1448 omnia
1634 1435 1647 1453 ‚
1667 1411 1706 1449 &
1720 1408 1854 1455 fingu-

524 1463 565 1502 la
582 1473 706 1502 onera
724 1473 746 1500 a
765 1459 979 1501 Testatore
997 1461 1221 1510 praescripta
1237 1487 1251 1507 ‚
1277 1462 1336 1502 ita
1353 1471 1398 1502 ut
1414 1461 1690 1502 commutatio
1719 1459 1853 1507 perso·

529 1527 622 1554 nam
640 1522 807 1557 tantum
822 1513 1054 1559 executoris
1069 1536 1082 1558 ‚
1101 1525 1181 1560 non
1199 1525 1301 1556 vero
1318 1514 1572 1554 executionis
1590 1512 1854 1554 substantiam

532 1567 727 1616 respiciat
748 1596 759 1609 .

479 1621 706 1669 Episcopus
725 1621 807 1669 post
840 1619 1014 1660 relatam
1041 1621 1349 1660 contumaciam
1364 1628 1450 1660 tam
1468 1618 1667 1664 Parochi‚
1704 1627 1856 1669 quam-³

529 1672 681 1712 Prioris
697 1672 938 1712 Conventus
958 1696 972 1716 ‚
1000 1672 1197 1718 adjuvans
1227 1673 1337 1723 piam
1353 1674 1558 1714 Oiatricis
1588 1673 1856 1712 voluntatem

531 1725 710 1767 celerius
739 1725 966 1775 exequendi
995 1725 1078 1773 ipsa
1105 1725 1276 1765 vivente
1309 1726 1462 1766 Fratris
1501 1725 1805 1775 dispositionem
1838 1747 1855 1767 ‚

528 1777 746 1818 concludit
761 1801 774 1821 ‚
796 1779 838 1821 θέτ’
850 1780 996 1827 quidem
1005 1782 1069 1827 pia
1082 1792 1150 1817 non
1165 1783 1281 1818 minus
1296 1803 1310 1824 ,
1330 1784 1446 1830 “quam
1460 1792 1560 1830 aequa
1594 1779 1684 1816 mihi
1700 1777 1853 1816 videtur

530 1833 753 1877 recurrentis
763 1834 893 1880 petitio
909 1856 922 1876 ‚
939 1834 1043 1881 eique
1061 1835 1293 1870 annuendum
1306 1834 1467 1871 arbitror
1478 1861 1488 1872 .

477 1885 665 1925 Maxime
679 1882 864 1930 expedit,
882 1892 926 1922 ut
942 1885 1007 1932 pia
1023 1884 1230 1924 Oratricis
1245 1885 1437 1924 voluntas
1450 1884 1628 1924 celerius
1647 1890 1853 1931 exequem

529 1934 772 1976 didefunc‘ti
791 1935 941 1975 Fratris
969 1936 1276 1983 dispositionem
1289 1937 1525 1976 executioni
1554 1933 1853 1975 demandetur.

528 1988 739 2027 Parochus
755 1988 864 2026 enim
881 2011 894 2030 ‚
911 1989 949 2027 ὃς
974 1988 1089 2026 Prior
1113 1989 1356 2029 Conventus
1373 1988 1517 2027 Portus
1545 1986 1688 2026 salutis
1703 2012 1715 2030 ,
1750 1985 1855 2024 licet

527 2038 822 2086 interpellati,
847 2039 1027 2078 oblatam
1046 2040 1332 2079 haeredltatem
1353 2053 1428 2078 non
1447 2048 1713 2089 acceptarunt
1734 2050 1745 2077 ι
1776 2036 1854 2075 Pro

530 2092 744 2141 repudiata
776 2091 916 2141 itaque
946 2091 1128 2132 habenda
1157 2093 1209 2131 est
1239 2093 1419 2141 Amostaz
1447 2094 1492 2130 de
1523 2093 1619 2142 caus.
1631 2096 1700 2142 piis
1721 2091 1784 2129 lib.
1816 2092 1854 2128 Β.

530 2148 648 2194 eap.6.
665 2157 763 2182 num.
784 2155 820 2187 5.
843 2167 857 2187 ‚
891 2144 1043 2194 &seqq.
1062 2142 1297 2183 Videndum
1317 2168 1330 2188 ‚
1361 2157 1409 2183 an
1436 2145 1550 2184 illius
1583 2143 1776 2184 executio
1793 2141 1856 2181 al-

530 2198 615 2237 teri
643 2197 686 2234 fit
714 2195 1001 2240 comittenda‚
1033 2208 1083 2235 ne
1113 2195 1270 2235 diutius
1296 2195 1442 2237 effestu
1459 2207 1597 2237 careat
1630 2207 1723 2237 cum
1741 2193 1858 2245 gravi

529 2250 678 2289 damno
692 2246 948 2288 faemiiiarum
965 2260 1188 2298 pauperum
1205 2248 1456 2290 infirmarum
1475 2277 1488 2297 ,
1506 2250 1648 2301 quibus
1666 2249 1857 2289 Testatot

531 2304 708 2342 maxime
724 2300 953 2350 prospicere
967 2302 1103 2341 voluit
1119 2331 1129 2342 .

479 2356 625 2407 ltaque
669 2352 961 2403 inquirendum
992 2379 1006 2399 ,
1044 2366 1092 2393 an
1137 2356 1331 2395 executio
1373 2355 1673 2396 committenda
1714 2355 1762 2394 fit
1789 2354 1855 2393 so-

526 2405 678 2447 dalitio
706 2405 818 2444 SSriii
849 2406 1105 2446 Sacramenti
1138 2430 1150 2450 ‚
1181 2408 1219 2447 ὃς
1250 2419 1298 2446 an
1326 2409 1591 2448 'conditiones
1623 2412 1670 2448 ab
1702 2407 1852 2447 eodem

529 2460 699 2505 adjenae
719 2458 758 2497 in
779 2459 869 2498 astu
888 2458 1188 2508 acceptationis
1203 2460 1278 2499 fint
1291 2460 1558 2500 admittendae
1577 2486 1590 2506 ‚
1618 2461 1686 2501 vel
1702 2460 1852 2499 saltem

532 2513 674 2562 quibus
689 2512 865 2551 cautelis
896 2513 971 2551 sint
1002 2511 1259 2551 moderandae
1278 2542 1288 2552 .
1317 2511 1522 2562 Judicium
1537 2516 1615 2552 hac
1646 2513 1697 2553 de
1714 2524 1757 2552 re
1773 2511 1856 2552 erit

531 2564 728 2603 Erhorum
761 2563 834 2603 ΡΡ.
850 2588 863 2608 ,
892 2565 1036 2615 quibus
1051 2563 1327 2604 definiendum
1344 2566 1608 2614 proponitur.
1855 2564 1858 2567 ’

479 2615 581 2665 An,
597 2620 640 2663 (³5-
655 2619 824 2666 quomodo
837 2619 1024 2660 Oratricis
1031 2618 1258 2668 precibusstt
1270 2620 1502 2658 annuendum
1517 2622 1557 2658 in
1573 2619 1656 2670 casu
1671 2620 1746 2665 (re.

1779 2722 1865 2769 Βέθ-
