1924 2970
472 102 550 138 25²
958 103 1015 138 14.
1034 86 1250 128 Decembris
1273 101 1344 138 17⁷
1355 96 1390 130 1.'

476 149 517 187 in
550 141 650 182 asiis
671 139 805 182 emissa
827 166 838 188 ‚
854 140 892 182 3<
912 141 990 183 ΕΗ.
1013 142 1254 182 ¹⁷V.ior1·an
1275 140 1606 184 circumferenda
1623 173 1633 184 .
1666 145 1710 184 ld
1728 159 1799 186 au·

475 208 563 237 tem
582 195 736 234 fastum
755 194 889 238 dicit,
919 196 1012 245 quia
1038 197 1089 233 ob
1122 197 1332 234 redituum
1362 195 1613 235 tenuitatem
1646 200 1796 247 usqua,

475 252 523 291 ab
551 261 657 289 anno
691 252 805 296 1641.
836 248 977 297 vigore
1013 247 1216 286 pontificii
1247 248 1386 288 Brevis
1405 250 1569 297 sequuta
1591 252 1644 289 est
1670 251 1795 290 Mus-t

476 301 730 354 quotidianae
750 300 935 340 reduvftio
968 302 1016 338 ad
1035 308 1117 338 tres
1148 300 1284 340 Missas
1311 302 1494 351 qualibet
1522 303 1796 349 hebdomada,

476 368 525 398 ea
544 363 681 395 tamen
698 355 789 402 lege
806 377 819 397 ,
854 362 897 391 ut
927 353 951 390 fi
967 351 1125 391 reditus
1144 354 1640 406 augeantur,quotidianae
1671 354 1802 394 Missa:

478 406 708 448 celebratio
723 403 988 444 reassumatur
1002 433 1012 443 .

423 454 538 500 Hine
566 468 688 500 caute
723 458 1028 506 procedendum
1055 456 1304 498 existimavit
1322 486 1334 504 ‚
1366 472 1418 500 ne
1449 468 1657 507 perpetuae
1679 459 1801 498 redu·

479 513 608 554 ‹stioni
639 511 847 550 adhaerere
865 509 1077 548 videretur
1098 534 1111 554 ‚
1140 510 1398 551 sedliberum
1431 513 1510 553 effe
1538 513 1673 552 voluit
1707 512 1801 558 Epi-

479 567 619 613 scopo,
635 564 911 602 Canonicatus
940 560 1192 610 possessorem
1222 567 1477 612 compellere
1517 568 1567 605 ad
1596 564 1802 616 quotidia-

477 629 571 659 nam
608 614 733 656 Miffae
766 614 1118 658 celebrationem,
1147 626 1348 665 quatenus
1377 619 1546 657 decursu
1597 617 1798 664 temporis

478 670 638 710 reditus
656 666 819 708 fuissent
835 667 993 706 adaucti
1011 696 1020 706 .
1040 667 1194 707 Verum
1214 668 1409 709 Sacerdos
1429 670 1620 710 Paolucci
1635 680 1802 718 tempo·

476 734 606 764 raneoe
632 720 864 766 hujusmodi
893 720 1134 768 suspensioni
1164 733 1241 759 non
1272 724 1561 772 acquiescens,
1591 725 1800 762 alterum,

480 786 645 825 quoque
665 772 833 814 dubium
851 772 1037 812 subscribi
1064 773 1226 813 curavit
1246 798 1259 818 ‚
1284 774 1391 825 quod
1417 775 1500 824 ipso
1532 776 1728 817 instante,
1754 786 1800 813 ae

476 826 689 868 mordicus
706 834 879 875 urgente
895 850 907 870 ‚
927 825 1169 874 proponitur
1185 856 1195 865 .
1225 828 1382 867 Verum
1412 840 1487 867 nec
1505 828 1622 874 super
1640 827 1804 874 primo,

475 891 557 920 nec
572 880 690 929 super
721 879 899 917 secundo
928 877 1051 917 dubio
1069 901 1082 921 ‚
1100 880 1284 928 quamvis
1305 879 1458 927 pluries
1491 880 1675 919 monitus
1690 905 1706 923 ‚
1720 879 1758 918 δε
1777 890 1801 918 a

481 932 608 981 longo
623 934 708 978 jam
727 940 915 980 tempore
931 931 1168 980 expectatus
1185 955 1198 974 ‚
1218 932 1439 982 quidquam
1455 932 1586 972 adhuc
1601 931 1770 971 deduxit
1789 957 1801 970 .

427 985 525 1029 Duo
542 987 615 1024 hac
649 983 687 1023 in
704 984 819 1023 causa
837 982 1085 1032 potissimum
1102 983 1365 1033 expendenda
1387 983 1581 1024 videntur
1595 1015 1604 1024 .
1619 984 1803 1023 Primum

479 1037 643 1078 scilieet
667 1049 715 1076 an
738 1034 942 1075 Poffeffori
970 1034 1247 1076 canonicatus
1271 1037 1433 1077 Pretini
1461 1048 1561 1075 onus
1593 1037 1805 1075 incumbat

482 1089 692 1141 praestandi
717 1088 916 1138 Episcopo
933 1088 1102 1128 servitia
1121 1113 1134 1133 ‚
1162 1101 1238 1140 qua
1257 1090 1423 1141 quidem
1452 1091 1489 1128 in
1521 1102 1562 1129 re
1590 1089 1802 1128 habenda„

479 1155 560 1192 pro
581 1142 715 1183 oculis
738 1142 790 1183 est
816 1139 1069 1180 fundationis
1101 1141 1263 1181 Littera
1282 1169 1295 1188 ‚
1329 1143 1568 1192 subsequuta
1586 1142 1804 1181 observan-

478 1195 570 1240 tia,
601 1196 638 1236 Sc
666 1195 755 1233 Sac.
788 1194 907 1239 hujus
938 1194 1282 1242 Congregationis
1314 1195 1544 1243 responsum
1559 1206 1663 1232 anno
1688 1197 1800 1240 1676.

484 1247 646 1292 editum
661 1277 671 1288 .
687 1249 882 1290 Alterum
904 1247 1002 1286 vcro
1018 1246 1183 1295 respicit
1201 1246 1370 1287 modum
1388 1271 1400 1290 ‚
1418 1247 1455 1286 Sc
1473 1247 1700 1296 peculiares
1711 1244 1808 1284 fun-

485 1299 644 1341 &iones
666 1327 678 1346 ‚
709 1299 748 1339 in
774 1298 915 1350 quibus
945 1307 1136 1338 teneatur
1157 1300 1376 1340 inservire.
1408 1298 1502 1338 Non
1535 1299 1806 1348 incongruum

490 1352 665 1401 proinde
681 1351 762 1391 erit
787 1361 883 1390 ante
898 1351 1036 1390 omnia
1050 1351 1257 1392 recensere
1276 1353 1443 1392 servitia
1456 1353 1504 1391 ab
1519 1351 1708 1391 omnibus
1721 1349 1807 1390 Ca·

487 1406 647 1444 nonicis
667 1416 713 1444 ex
733 1404 831 1448 juris
848 1403 1105 1451 dispositione
1125 1405 1336 1452 praestanda
1352 1434 1361 1445 .

437 1459 476 1499 A
495 1457 687 1498 Concilio
709 1455 959 1495 Tridentino
975 1455 1070 1502 Seff.
1090 1469 1151 1503 ²4·
1172 1465 1315 1503 eap.13.
1346 1459 1390 1495 de
1419 1456 1581 1505 Reform.
1617 1456 1656 1495 id
1679 1463 1806 1494 unum

488 1520 658 1554 cautum
682 1507 887 1557 reperitur
903 1532 916 1552 ‚
946 1516 988 1547 ut
1006 1507 1204 1549 Canonici
1219 1509 1394 1549 debeant
1409 1510 1575 1559 Episcopo
1591 1507 1809 1552 celebranti,

491 1573 556 1604 aut
583 1563 659 1602 alia
675 1561 913 1607 Pontifi'calia
929 1564 1113 1598 exercenti
1125 1561 1273 1610 affistaere
1291 1584 1304 1604 ‚
1336 1561 1569 1611 &inservire
1584 1591 1593 1600 .
1615 1562 1706 1600 Hoc
1725 1559 1808 1598 ser-

485 1616 723 1664 vitiigenus
743 1613 897 1653 clarius
921 1612 1167 1660 exprimitur
1199 1614 1236 1651 in
1268 1613 1555 1654 Caeremoniali
1591 1613 1810 1662 Episcopo·
1843 1618 1846 1622 '

490 1681 581 1710 rum
604 1670 688 1716 Cap.
716 1679 729 1704 ι
741 1677 776 1709 ς.
795 1665 856 1703 his
871 1665 1035 1704 verbis:
1057 1667 1145 1704 Cum
1158 1667 1346 1716 Episcopus
1360 1671 1414 1705 rei
1431 1669 1583 1705 Divinae
1596 1665 1809 1715 peragenda

488 1721 600 1763 causa
620 1721 670 1756 ad
684 1718 877 1766 Ecclesiam
890 1728 1067 1755 venturus
1086 1721 1158 1755 erit
1173 1743 1184 1762 ‚
1201 1719 1283 1766 five
1297 1719 1443 1767 ipsemet
1473 1718 1776 1766 celebraturusstt
1791 1739 1808 1761 ,

480 1776 568 1823 five
585 1771 681 1810 alter
704 1794 717 1813 ‚
735 1771 862 1808 dehent
875 1771 1048 1807 Canonici
1060 1783 1179 1807 omnes
1189 1772 1229 1806 ¹¹7}
1247 1784 1366 1808 eorum
1386 1770 1627 1818 Ecclefiaflc'co
1643 1794 1656 1813 ‚
1676 1774 1718 1813 &⁰
1733 1770 1809 1807 Ca·

493 1824 657 1865 nonicali
672 1824 816 1866 habitu,
832 1823 1137 1872 appropinquante
1153 1824 1254 1864 hora,
1273 1824 1321 1859 ad
1344 1822 1450 1859 illum
1480 1825 1650 1861 accedere
1667 1848 1680 1868 ‚
1710 1834 1808 1860 eum-

493 1881 648 1927 demque
667 1877 784 1924 Cappa
798 1876 970 1913 indutum
999 1888 1044 1912 ex
1060 1889 1100 1912 ea
1127 1874 1236 1913 Aula
1252 1879 1352 1924 ‚sive
1370 1879 1517 1913 Came-ra
1535 1901 1545 1919 ,
1566 1888 1672 1924 quam
1686 1875 1809 1912 adhoc

490 1929 797 1980 destinaverit‚ad
819 1927 1013 1976 Ecclesiam
1023 1930 1310 1976 progredientem
1325 1930 1491 1965 comitari
1510 1953 1519 1971 ‚
1539 1931 1580 1971 ξφ
1598 1929 1811 1965 deducere:

489 1985 544 2024 Et
562 1983 683 2032 paulo
699 1979 801 2018 infra
819 1996 845 2016 =
877 1980 919 2018 In
932 1981 1114 2017 redeundo
1129 1982 1226 2016 idem
1252 1981 1515 2028 ordoscrvctaer
1538 1996 1562 2016 :
1601 1979 1725 2030 quue
1751 1989 1807 2017 a„

494 2033 714 2075 Canonicis
732 2032 1023 2071 observandum
1043 2030 1118 2070 esse
1134 2057 1145 2075 ‚
1164 2034 1348 2081 quamvis
1377 2032 1564 2079 Epis-sord
1594 2030 1810 2070 >Palatium

493 2087 686 2127 ducentis
706 2084 873 2133 paffibus
891 2084 938 2122 ab
954 2084 1128 2123 Ecclesia
1154 2084 1396 2123 Cathedrali
1429 2086 1589 2123 distaret
1609 2108 1621 2127 ,
1648 2086 1807 2131 pluries

497 2137 728 2178 declaravit
746 2137 833 2176 Sac.
850 2136 1019 2175 Rituum
1036 2136 1313 2186 Congregatio
1335 2163 1344 2181 ,
1371 2137 1591 2177 praesertim
1609 2137 1646 2175 in
1676 2137 1815 2173 Turri-

492 2204 578 2231 tana
609 2197 672 2232 26,-
701 2188 850 2238 Aprdis
879 2202 991 2237 1704.
1008 2190 1056 2226 ad
1070 2190 1139 2228 Vl.
1159 2212 1171 2233 ,
1202 2190 1306 2238 apud
1337 2190 1533 2228 Manaiell.
1553 2200 1636 2228 tom.
1652 2205 1689 2237 4.
1707 2190 1741 2227 S
1743 2196 1813 2237 up·-

490 2246 599 2295 plcm.
616 2244 664 2281 ad
679 2252 763 2280 tom.
786 2254 822 2284 3.
841 2254 942 2279 mem.
954 2254 1043 2288 193.

439 2297 597 2339 Vernm
616 2293 1007 2345 quiacaeremoniale
1025 2293 1312 2343 Episcoporum
1329 2292 1554 2334 indistint‘le'
1567 2292 1751 2343 loquitur
1765 2291 1817 2332 de

493 2347 647 2391 accessu
679 2345 866 2395 Episcopi
893 2345 944 2385 ad
972 2346 1220 2386 Ecclefiams
1250 2348 1403 2387 idcirco
1435 2347 1569 2394 saepius
1605 2349 1679 2384 hac
1706 2345 1814 2386 dere

492 2402 664 2442 suborta:
678 2400 766 2439 sunt
783 2397 1232 2444 controverffaejudicio
1262 2400 1350 2439 Sac.
1383 2399 1552 2437 Rituum
1583 2398 1819 2448 Congrega·

490 2454 616 2495 tionis
631 2464 702 2501 pro
714 2450 954 2491 definitione
971 2451 1155 2490 subieostae
1173 2480 1182 2491 .
1201 2451 1405 2499 Praecipue‘
1420 2460 1559 2490 autem
1579 2462 1682 2490 anno
1701 2463 1816 2498 1592.

493 2506 689 2548 nonnulla
707 2504 907 2552 proposita
922 2501 1088 2543 fuerunt
1103 2502 1222 2542 dubia
1238 2505 1286 2542 ab
1303 2503 1625 2551 Archieniscopo
1639 2526 1653 2546 ‚
1681 2503 1719 2544 ὃ(
1736 2504 1815 2541 Ca·
1857 2537 1863 2541 .

493 2559 629 2609 pitulo
647 2556 871 2598 Hisiaalenfi
888 2581 902 2600 ‚
927 2555 1058 2594 relata
1075 2567 1095 2594 a
1115 2556 1313 2604 Pignattet.
1345 2556 1495 2604 consult.
1519 2561 1581 2599 ¹33·
1612 2568 1709 2594 num.
1740 2568 1777 2597 3.
1797 2579 1813 2600 ,

492 2619 618 2662 atque
639 2610 746 2650 inter
761 2617 905 2651 caetera
922 2608 1127 2659 quaesitum
1145 2605 1185 2646 sn
1209 2617 1226 2646 t
1248 2607 1318 2647 111.
1353 2608 1420 2645 An
1438 2609 1580 2659 quando
1593 2610 1784 2656 contigerit
1796 2631 1812 2650 ‚

496 2674 540 2708 ut
564 2665 626 2704 Mi
658 2676 679 2702 a
702 2672 768 2714 per
785 2662 948 2703 eumdem
975 2660 1294 2712 Archiepiscopum
1311 2661 1540 2710 sollemniter
1564 2661 1779 2701 celebranda
1801 2683 1817 2702 ‚

1758 2707 1821 2751 vel
1888 2746 1889 2750 ,
