1924 2970
597 126 813 174 8.Augusti
848 138 958 172 1772.
1382 138 1452 169 155

172 177 437 219 HEATINA
467 177 837 219 MATRIMONJI
868 206 878 216 .
939 177 991 214 Ex
1024 174 1179 222 triplici
1214 177 1348 224 capite
1367 177 1456 216 No-

187 232 277 270 bilis
296 232 437 271 Aftrix
455 232 573 271 Anna
590 232 724 270 Maria
739 229 946 279 Leognani
971 227 1225 267 Ferramosca
1245 230 1454 269 nullitatis

125 285 338 325 accusavit
356 285 469 323 suum
489 284 808 323 Matrimonium
827 292 918 321 cum
937 279 1097 328 Ignatio
1112 278 1161 317 de
1180 279 1289 319 Dura
1308 281 1455 322 Duco

123 337 258 376 Collis
278 336 418 380 Petri,
438 349 483 376 ex
501 349 551 376 eo
570 337 764 375 nimirum
782 361 794 379 ‚
823 333 915 384 quia
933 332 1054 372 Pater
1080 334 1166 378 ejus
1193 331 1346 371 Alanni
1366 334 1457 373 Dux

127 389 404 437 compluribus
424 391 543 428 minis
563 389 610 428 ad
630 389 731 427 illud
749 383 1072 426 contrahendum
1089 385 1213 432 ipsam
1231 383 1370 433 adegit
1401 386 1460 424 in-

125 451 255 480 tritam
274 466 286 485 ‚
319 454 364 480 ex
382 441 543 481 defectu
563 442 720 490 insuper
735 442 810 479 suae
830 437 1026 487 legitimae
1054 436 1187 475 aetatis
1204 462 1217 481 ‚
1251 446 1348 475 tunc
1379 448 1458 476 non

126 493 363 532 excedentis
380 506 502 533 annos
522 495 710 533 undecim
731 520 743 536 ‚
775 492 929 530 menses
948 500 1095 528 novem
1110 515 1123 533 ‚
1157 490 1194 528 Sc
1210 488 1298 526 dies
1322 487 1458 538 vigin-

125 546 159 584 ti
177 546 358 596 quinque
377 573 388 590 ,
407 548 444 586 Sc
462 548 627 585 demum
646 558 690 585 ex
707 543 942 584 deficientia
962 541 1112 590 proprii
1129 541 1317 585 Parochi,
1333 552 1460 590 quum

126 599 400 636 Matrimonio
421 598 662 637 interfuerit
693 594 1160 642 solusArchipresbyter
1189 592 1346 641 Oppidi
1362 592 1462 632 Cat-

128 650 364 700 riniani‚qui
388 652 570 689 neutrius
588 663 632 690 ex
651 648 996 689 Contrahentibus
1015 645 1217 684 Parochus
1233 654 1321 684 erat
1337 672 1348 683 .
1367 645 1458 684 Hac

128 715 172 740 re
191 704 388 750 proposita
415 704 452 742 in
470 703 799 752 Congregatione
817 700 899 738 diei
932 703 991 737 16.
1013 698 1157 736 Martii
1192 697 1285 737 anni
1309 697 1428 746 elapsi
1446 721 1462 742 ,

133 754 267 793 visum
281 753 361 793 fuit
381 781 393 799 ,
409 756 561 804 aliquid
580 754 709 794 deesse
731 752 1037 802 probationibus
1055 750 1212 794 allatis,
1230 762 1308 800 qua
1324 750 1374 788 (le
1389 762 1462 791 τω

133 807 332 854 ampliata
351 808 599 847 resolutione
616 805 857 845 demandare
874 803 1029 853 placuit
1047 829 1059 848 ,
1086 811 1132 841 ut
1160 815 1215 842 eae
1241 802 1463 847 coadjuva-

129 868 273 896 rentur
300 885 311 903 ,
340 861 378 898 Sc
409 860 576 899 interim
602 857 918 904 Arcliiepiscopo
946 855 1156 894 Theatino
1181 854 1427 893 scriberetur
1447 880 1461 899 ,

131 920 175 948 ut
193 908 361 954 formali
381 912 555 950 examini
576 912 789 956 subjiceret
811 907 1014 946 Duciffam
1034 905 1466 955 OlimpiamValigna-

129 959 357 1003 ni'Pueuae
390 964 569 1001 Matrem
599 988 611 1006 ‚
636 960 1053 1007 Archipresbyterum
1080 958 1289 997 Cariniani
1318 984 1331 1003 ‚
1373 960 1467 998 reli=

130 1014 310 1064 quosque
330 1015 466 1052 Testes
484 1028 496 1054 ‚·
512 1015 549 1053 &c
565 1015 654 1059 jura
672 1024 693 1051 a
712 1010 936 1051 Defensor-e
953 1010 1215 1049 Matrimonii
1231 1011 1271 1048 in
1287 1011 1465 1060 partibus

130 1066 357 1104 exhibenda
375 1067 578 1113 reciperet
594 1096 603 1104 .

80 1117 285 1160 Omnibus
303 1119 350 1156 ab
366 1118 686 1165 Archiepiscopo
700 1116 935 1165 adimpletis
968 1123 1140 1164 excepto
1170 1115 1357 1155 examine
1388 1116 1469 1154 Are

127 1170 435 1219 chipresbyteri
456 1197 468 1216 ‚
496 1171 590 1219 quia
616 1182 722 1209 mors
740 1182 831 1208 eum
851 1170 872 1212 ὲ
889 1169 975 1206 vita
991 1178 1110 1206 antea
1133 1169 1342 1217 eripuerat
1359 1193 1372 1214 ,
1404 1180 1469 1206 re·

130 1221 330 1273 missuque
349 1222 531 1262 Processu
552 1250 564 1268 ‚
595 1221 791 1262 Defensor
819 1224 942 1259 Anna:
960 1221 1098 1258 Mariae
1117 1221 1194 1258 tria
1214 1245 1226 1263 ‚
1257 1232 1343 1270 quae
1374 1232 1468 1268 pro-

131 1274 324 1322 posuerat
343 1276 550 1314 nullitatis
567 1283 700 1322 capita
717 1298 729 1317 ‚
757 1276 837 1319 jam
853 1272 1080 1321 pleniffime'
1098 1275 1264 1320 probata
1294 1282 1469 1312 conten-

130 1326 194 1365 dit
214 1355 223 1364 .
258 1327 406 1366 Denuo
423 1328 589 1371 proinde
607 1326 776 1373 repetit,
798 1325 955 1364 Ducem
974 1325 1123 1364 Alanni
1141 1324 1306 1364 Patrem
1323 1336 1468 1363 omnes

131 1377 354 1418 adhibuisse
372 1380 499 1419 minas
517 1404 528 1422 ‚
561 1381 599 1420 3(
614 1379 835 1420 violentias
854 1403 866 1421 ,
897 1386 942 1416 ut
977 1385 1218 1417 renuentem
1237 1377 1385 1415 Filiam
1418 1376 1468 1414 ad

130 1430 282 1470 invisas
299 1433 459 1481 nuptias
478 1433 751 1482 compelleret
769 1456 781 1475 ‚
799 1442 970 1478 eamque
989 1428 1141 1478 pluries
1158 1429 1365 1467 atrocibus
1384 1440 1472 1467 ver-

126 1483 192 1520 bis
211 1483 426 1532 increpaffe
447 1511 458 1529 ‚
495 1485 644 1532 pluries
673 1484 797 1522 etiam
816 1481 1116 1520 comminatum
1146 1478 1260 1519 fuisse
1294 1483 1470 1520 exhaere-

129 1534 346 1576 dationem
365 1561 378 1580 ‚
411 1550 455 1575 ac
474 1537 773 1586 relegationem
791 1535 830 1573 in
849 1534 1140 1573 Monasterium
1156 1557 1169 1576 ‚
1198 1545 1242 1571 ac
1264 1530 1470 1572 devenisse

131 1587 260 1626 etiarn
277 1589 327 1627 ad
349 1590 484 1627 at‘turn
503 1589 731 1636 proximum
750 1586 865 1626 illam
883 1586 1171 1633 percutiendi,
1199 1586 1254 1624 ita⁴
1271 1594 1315 1623 ut
1333 1584 1468 1624 Filia„-

129 1639 284 1679 timore
303 1642 474 1688 percita,
490 1641 808 1680 contremiscens
823 1664 837 1684 ‚
855 1638 1102 1685 &lacrymis
1119 1636 1349 1677 madefacta
1366 1637 1473 1686 apud

129 1691 314 1734 Matrem
334 1693 413 1734 sese
442 1691 648 1742 receperit
665 1718 677 1741 ,
706 1701 751 1732 ut
773 1689 950 1731 furentis
976 1689 1105 1731 Patris
1130 1688 1461 1741 indignationem

132 1743 333 1795 effugeret
353 1775 362 1785 .
554 1745 558 1750 “

84 1798 186 1838 Haec
210 1799 347 1837 omnia
380 1799 578 1839 resultare
609 1810 656 1838 ex
684 1800 817 1845 jurata
836 1798 985 1836 Matris
1016 1796 1268 1846 depofitione
1303 1793 1442 1833 afferit
1457 1818 1473 1838 ,

133 1861 307 1900 eamque
328 1851 534 1894 inutiliter
547 1851 683 1893 officia
700 1848 975 1900 interposuisse
993 1873 1005 1891 ‚
1031 1858 1074 1888 ut
1093 1851 1366 1889 vehementes
1388 1846 1474 1903 Du·-

130 1902 192 1940 cis
213 1901 365 1942 Alanni
383 1913 518 1942 motus
535 1930 546 1949 ,
567 1913 689 1956 atque
708 1905 807 1942 iram
820 1904 1100 1950 compesceret
1114 1930 1124 1940 .
1155 1900 1284 1939 Addit
1300 1925 1312 1945 ,
1335 1898 1474 1946 inipso

135 1954 226 1992 astu
244 1956 444 1994 celebrati
460 1956 722 1996 Matrimonii
741 1953 932 1996 adstitisse
952 1954 1115 1993 Patrem
1135 1952 1287 1991 minaci
1319 1951 1438 1990 vultu
1459 1974 1473 1994 ‚

132 2008 171 2046 δε
190 2007 369 2046 trucibus
386 2008 518 2046 oculis
545 2008 670 2047 filiam
705 2010 963 2051 intuentem,
991 2019 1041 2045 ne
1072 2004 1305 2043 dissentiret
1321 2017 1336 2043 ,-
1360 2013 1478 2041 cum-

133 2069 211 2109 que
231 2061 311 2106 post
327 2059 646 2100 Matrimonium
663 2060 891 2110 perrexerit
908 2059 1028 2098 Anna
1044 2057 1179 2096 Maria
1198 2057 1309 2095 suam
1330 2066 1478 2094 avver-

134 2111 289 2150 fionem
307 2134 321 2154 ,
354 2112 392 2151 Sc
423 2114 734 2163 repugnantiam
761 2110 992 2162 patefacere
1012 2137 1025 2156 ,
1060 2110 1099 2149 &
1132 2121 1153 2148 a
1172 2109 1276 2150 Viro
1307 2106 1479 2163 aufuge-

136 2163 192 2201 rit
208 2186 220 2204 ,
237 2163 366 2201 immo
384 2163 645 2204 Matrimonii
663 2165 901 2208 nullitatem
922 2163 1128 2201 deducere
1146 2158 1475 2208 profeffifuer1t‚

131 2215 406 2254 nihilominus
423 2227 444 2254 a
460 2216 580 2258 minis
598 2243 610 2262 ‚
636 2219 682 2255 ab
698 2215 1043 2264 objurgationibus
1063 2237 1075 2256 ‚
1123 2213 1160 2251 ἃς
1175 2224 1196 2251 a
1215 2210 1379 2250 saevitiis
1399 2222 1480 2248 non

136 2266 326 2310 destitisse
343 2267 506 2307 Patrem
523 2294 536 2313 ,
566 2269 635 2322 qui
656 2282 704 2308 eo
723 2268 894 2306 devenit
910 2292 923 2311 ‚
955 2274 1001 2304 ut
1032 2264 1215 2303 Feudum
1245 2261 1480 2305 Cattiniani

138 2317 245 2357 Duei
261 2319 311 2358 de
329 2320 440 2359 Dura
458 2320 716 2360 vendiderit.
749 2320 812 2358 De
830 2319 890 2357 his
905 2327 1045 2357 autern
1066 2316 1245 2355 dubitari
1265 2327 1344 2354 non
1371 2310 1480 2362 posse

139 2369 315 2415 ‘affirmat
329 2398 342 2418 ‚
371 2372 464 2424 quia
496 2382 587 2412 tum
617 2386 637 2412 a
654 2373 836 2412 Testibus
855 2371 895 2409 in
913 2370 1038 2419 priori
1053 2367 1187 2408 Causa:
1206 2367 1480 2418 propositione

131 2421 325 2462 'adductis
342 2450 355 2469 ‚
378 2434 468 2466 tum
486 2427 532 2464 ab
547 2426 638 2465 aliis
657 2427 697 2464 iu
716 2437 823 2464 novo
840 2422 1019 2470 proceffu
1039 2422 1182 2463 relatis
1202 2447 1215 2466 ‚
1244 2429 1335 2459 tum
1352 2418 1484 2458 etiarn

141 2487 167 2515 a·
182 2474 329 2512 Matris
341 2475 590 2524 depositione
607 2480 775 2525 probata
795 2477 1013 2515 noscuntur
1033 2501 1045 2519 ‚
1084 2476 1123 2514 Sc
1152 2473 1315 2513 accedit
1349 2470 1482 2510 etiam

134 2526 262 2576 'ip‘fius
281 2525 408 2565 Ducis
422 2529 576 2571 'Alanni
594 2530 726 2570 Patris
744 2528 1025 2568 testimonium
1043 2551 1055 2569 ‚
1083 2527 1152 2577 qui
1189 2525 1317 2564 morti
1345 2523 1484 2573 proxi·

127 2580 264 2635 “musy
294 2589 339 2618 ac
369 2582 623 2623 conscientia
655 2580 829 2623 stimulis
861 2579 1041 2628 percitus
1060 2602 1073 2622 ‚
1102 2580 1337 2624 juramento
1366 2573 1482 2614 faffus

147 2632 200 2669 est
218 2631 442 2669 violentias
459 2631 569 2675 Fil'iae
587 2636 723 2677 illatas
740 2662 754 2682 ,
784 2641 831 2673 ut
852 2643 942 2675 eam
974 2631 1021 2671 ad
1052 2631 1233 2670 invitum
1262 2627 1487 2668 Matrimo-

149 2682 219 2728 niu
233 2695 272 2722 m
290 2682 502 2731 adigeret.
518 2684 525 2688 ”
614 2686 616 2688 ’
658 2699 661 2703 ⁴
1191 2685 1194 2689 ’

266 2736 470 2779 Tem-XLI.
787 2738 826 2781 V
856 2752 876 2779 2
1401 2725 1493 2767 Ne*

1520 165 1683 213 sest-24·
1713 173 1830 213 capa„

1541 234 1583 256 με
1601 224 1766 262 Athm.
