1924 2970
616 155 803 213 3⁰·Maj1'
831 160 942 206 :7722
1395 175 1464 206 η»

138 212 201 254 set
219 243 229 252 .
248 210 346 261 Qae
365 214 463 252 vero
481 213 714 260 supererant
735 211 990 251 haereditaria
1008 211 1110 249 bona
1130 234 1141 253 ‚
1159 212 1364 253 abeodem
1381 214 1464 255 Lu-

142 265 292 305 dovico
312 265 484 304 retineri
502 264 700 312 permisit,
715 275 809 303 cum
828 277 953 304 onere
971 264 1167 313 erogandi
1187 263 1341 304 fruetus
1362 280 1460 316 prae-

139 318 278 359 finitos
302 318 519 357 ina-atione
539 317 638 356 scut.
660 316 789 355 trium
809 328 879 363 pro
894 315 1135 356 centenario
1155 316 1193 354 in
1228 318 1459 366 adimplen-

140 371 189 409 da
207 370 392 419 quolibet
413 382 516 408 anno
547 383 559 407 1
574 375 634 408 18.
655 367 866 408 Missarum
887 368 1168 408 celebratione
1187 393 1199 412 ‚
1219 368 1340 418 usque
1360 371 1459 410 dnm

140 423 343 461 terminus
363 433 558 461 annorum
578 421 813 472 quindecim
829 423 1064 470 completus
1080 417 1233 464 fuisset,
1249 433 1327 469 quo
1346 424 1459 469 elap-

149 475 192 512 so
208 475 514 522 dispositionem
541 474 705 524 joannis
726 473 911 522 Baptistae
942 472 992 513 ad
1006 472 1178 511 for-mam
1207 470 1463 512 Testamenti

141 527 286 577 exequi
307 527 540 565 mandavit.
572 527 722 565 Actum
742 539 904 576 quoque
920 525 1001 565 fuit
1029 525 1079 563 de
1109 522 1311 563 frut‘tibus
1338 528 1458 564 bono·-

142 591 231 618 rum
251 580 374 629 usque
390 588 487 617 tunc
503 577 678 618 decursis
695 605 707 623 ,
726 579 764 618 &
780 591 801 617 a
830 578 980 625 Joanne
1001 577 1213 616 Ludovico
1232 589 1352 626 perce
1369 578 1458 621 wtis,

140 644 214 681 pro
243 632 385 681 quibus
400 643 499 670 onus
516 631 748 670 celebrandi
763 629 868 670 infra
884 642 1034 670 annum
1052 629 1188 669 Missas
1207 643 1300 678 440.
1320 631 1456 670 eidem

145 692 321 727 iniunxit
338 713 348 722 .

90 730 209 785 Juxta
227 738 331 774 hunc
349 736 517 775 modum
531 746 534 747 ’
547 748 651 776 anno
682 746 794 783 1757.
814 737 1001 785 stipulata
1016 736 1233 774 transaciio
1249 733 1328 774 fuit
1344 761 1358 780 ‚
1389 735 1461 774 de·-

143 797 259 827 creto
273 789 431 829 Vicarii
456 788 706 838 Capitularis
743 791 905 837 probata
925 817 937 829 .
971 789 1090 827 Obiit
1115 800 1220 826 anno
1241 792 1355 831 1768.
1387 788 1458 826 Sa-

139 840 284 880 cerdos
300 840 471 889 *loannes
486 840 720 882 Ludovicus
739 867 751 885 ,
770 841 986 890 elapsoque
1014 843 1097 885 jam
1126 841 1305 879 termino
1339 846 1459 890 quin-

140 892 275 933 decim
289 895 502 933 Annorum
517 919 529 937 ‚
559 904 652 931 cum
670 893 815 941 joseph
834 893 1004 941 Baptista
1022 893 1057 930 in
1077 891 1256 930 Patriam
1275 893 1456 930 nondum

140 943 322 985 rediisset
338 969 351 989 ‚
383 945 420 984 Sc
452 945 698 982 Promothor
730 943 893 982 Fiscalis
923 944 1055 983 Curiae
1087 943 1335 993 Episcopalis
1383 955 1456 993 pro

138 997 418 1047 exequutione·
445 996 672 1034 voluntatis
706 995 928 1034 Testatoris
966 994 1173 1035 instetisset
1204 1020 1215 1040 ,
1246 996 1453 1034 Antonius

139 1048 274 1088 Crova
290 1059 336 1086 ex
353 1048 593 1086 testamento
610 1048 790 1092 ejusdem
810 1047 1044 1086 Sacerdotis
1076 1047 1146 1096 Joa
1156 1047 1245 1085 nnis
1276 1045 1457 1085 Ludovi-

139 1101 178 1140 ci
221 1102 370 1145 haeres,
390 1100 613 1149 supplicem
636 1099 765 1137 SSmo
788 1099 942 1138 obtulit
972 1098 1187 1143 libellum,
1219 1112 1298 1148 quo
1328 1098 1455 1138 sacul-

135 1161 271 1192 tatem
291 1152 415 1201 petiit
436 1151 642 1190 retinendi
672 1153 772 1190 bona
801 1151 935 1190 Causae
954 1152 1030 1197 piae
1049 1150 1151 1190 Roffi
1184 1150 1325 1191 affet‘ta
1343 1177 1359 1196 ,
1387 1165 1455 1190 eo-

137 1211 311 1254 rumque
327 1204 504 1251 pretium
523 1203 558 1240 in
578 1203 789 1242 Miffarum
806 1204 1124 1243 celebrationem
1141 1203 1360 1252 erogandi.
1394 1204 1456 1243 De

140 1260 215 1296 hac
241 1256 446 1306 petitione
473 1256 647 1304 sapienti
680 1255 743 1295 EE
779 1255 867 1297 VV.
899 1256 1057 1302 judicio
1084 1254 1294 1295 commissa
1328 1257 1455 1295 modo

142 1319 302 1360 agitur.

90 1360 254 1402 Tuetur
280 1363 412 1411 primo
440 1365 573 1405 dit‘ius
593 1363 796 1405 Antonius
835 1364 1118 1405 transat‘tionis
1144 1363 1407 1403 validitatem
1436 1388 1453 1409 ‚

141 1415 286 1463 utpote
305 1416 401 1466 quia>
417 1416 517 1457 inita
532 1416 659 1457 fuerit
673 1417 723 1457 ad
742 1417 914 1457 formam
933 1419 1157 1457 Sententia.-
1189 1415 1446 1454 Pro-Vicani

137 1467 391 1516 Capitularis
407 1494 421 1514 ,
442 1470 595 1509 iuribus
610 1469 811 1509 hincinde
824 1471 1012 1509 accurate
1031 1470 1232 1517 perpensis
1249 1492 1261 1511 ‚
1290 1479 1334 1506 ac
1352 1479 1454 1516 prae-

129 1519 251 1559 m'iffa-
265 1522 461 1560 bonorum
476 1522 735 1562 «estimatione
751 1530 774 1567 ,v
794 1523 1056 1572 omnibusque
1072 1520 1265 1560 adhibitis
1280 1520 1448 1558 sollem-

136 1572 339 1612 nitatibus
356 1599 370 1618 ‚
386 1573 437 1613 de
452 1574 566 1619 eujus
582 1573 752 1622 proinde
768 1576 962 1626 aequitate
993 1574 1179 1613 dubitare
1197 1586 1273 1612 non
1291 1573 1418 1611 liceat
1433 1595 1451 1616 ,

132 1625 361 1673 praesertim
393 1626 488 1676 quia
519 1625 728 1666 Ordinarii
758 1627 1050 1675 approbatione
1078 1627 1266 1664 roborata
1301 1623 1450 1673 depre-

136 1676 335 1716 henditur
359 1681 499 1719 Rot.;n
521 1681 786 1722 Anconitan,
802 1680 874 1728 seu
907 1680 1102 1727 Pisauren.
1132 1680 1346 1726 Immiffionis
1382 1689 1446 1723 27.

134 1728 250 1779 Junii
269 1735 382 1776 1738.
402 1739 441 1775 ς.
460 1744 500 1780 4.
519 1746 637 1770 coram
662 1732 835 1770 Mutina.
868 1731 1029 1780 Addit,
1064 1730 1167 1769 nihil
1199 1741 1270 1772 pro
1299 1739 1445 1775 parte,

135 1782 364 1831 Operisvpii
383 1784 587 1824 remiifum
605 1784 911 1828 fuiffe‚contra
943 1796 1043 1822 vero
1069 1782 1334 1822 Sacerdotem
1367 1780 1450 1820 Lu·
1517 1832 1520 1836 .

133 1834 330 1874 dovicum
359 1836 588 1876 consenfiffe
607 1863 620 1882 ‚
652 1845 698 1883 ut
722 1836 926 1889 quantitas
951 1844 1145 1875 maternae
1174 1834 1297 1873 Dotis
1311 1833 1451 1872 eidem

133 1887 390 1927 restituenda:
408 1888 724 1929 imminueretur
741 1913 754 1933 ‚
783 1901 868 1928 nee
887 1900 965 1928 non
981 1897 1126 1939 quarto
1155 1886 1300 1926 Dotali
1325 1899 1344 1924 a
1362 1885 1452 1925 Ma-

131 1945 198 1977 tre
214 1939 496 1987 superlucrato
512 1966 524 1985 ‚
542 1941 715 1992 aliisque
730 1941 885 1987 juribus
906 1938 1152 1980 renunciasse
1171 1968 1182 1979 .
1200 1939 1261 1978 Ac
1279 1938 1449 1977 demum

134 1989 415 2042 advertit‚ope
431 1994 713 2033 transactionis
730 2002 986 2044 peremptam
1003 1991 1117 2031 fuisse
1148 1991 1269 2031 litem
1281 1991 1366 2035 jam
1393 2002 1453 2030 a-a.

133 2042 317 2082 triennio
331 2046 528 2095 agitatam
545 2072 559 2092 ,
588 2048 626 2087 Sc
656 2059 728 2095 pro
755 2047 870 2092 cujus
896 2043 1211 2096 prosequutione
1241 2042 1452 2090 conspicui-

134 2094 317 2141 sumptus
348 2097 528 2146 impendi
558 2097 817 2143 debuissent,
847 2098 905 2138 ita
934 2105 979 2137 ut
1006 2097 1104 2148 quid
1131 2095 1351 2136 minimum
1378 2107 1454 2145 pro.

135 2145 348 2187 Miffarum
377 2150 655 2190 celebratione
671 2149 953 2199 superfuisfet.

85 2193 175 2236 Nec
192 2200 323 2239 obesse
356 2199 567 2241 defectum
582 2203 807 2251 Apostolici
824 2199 1073 2249 beneplaciti
1090 2225 1103 2244 ‚
1116 2211 1208 2238 cum
1229 2197 1454 2238 transactio

137 2249 405 2299 dispositionis
446 2254 701 2294 substantiam
740 2265 818 2293 non
853 2251 1139 2291 immutaverit
1170 2277 1183 2296 ‚
1218 2250 1284 2290 sed
1318 2250 1453 2289 solnm

136 2304 304 2359 modum
319 2306 607 2357 exequutionis
638 2306 765 2356 magis
793 2313 931 2344 tutum
949 2329 960 2349 ,
989 2316 1035 2343 ac
1055 2302 1228 2342 facilem·
1251 2301 1452 2352 praefinie-

137 2362 193 2392 rit
209 2383 219 2393 .
234 2355 411 2406 Quoties
430 2371 526 2409 ergo
544 2359 714 2399 subsistat
732 2384 746 2404 ‚
775 2366 901 2409 atque
916 2356 1194 2405 adimpleatur
1219 2354 1308 2393 finis
1331 2367 1351 2393 a
1367 2353 1449 2394 Te-

135 2406 289 2446 statere
300 2410 454 2450 vontus
469 2435 483 2455 ‚
497 2411 676 2456 sustinet,
693 2409 1005 2458 Beneplacitum
1023 2406 1303 2457 Apostolicum
1331 2406 1454 2446 mini·-

135 2458 205 2497 me
223 2461 562 2510 requiridebuiffe
590 2463 734 2512 Gentes:
752 2477 831 2502 var.
852 2462 954 2510 resol.
975 2463 1067 2501 mm
1100 2470 1197 2510 casm
1210 2474 1242 2499 1.
1260 2473 1446 2508 num.49.,

135 2512 221 2550 Rot.
238 2515 277 2549 in
294 2511 450 2554 Romana
465 2515 703 2556 oblationum
705 2516 818 2565 super
835 2517 920 2554 hono
928 2513 1020 2567 jure
1037 2528 1099 2553 22,
1123 2513 1305 2562 Januarii
1328 2523 1442 2560 17²5·

137 2565 249 2614 §.u-
268 2576 387 2603 coram
399 2568 614 2619 Calc-agnino
630 2600 641 2610 .

82 2616 315 2661 Advertit,
351 2615 602 2661 Testatorem
635 2622 831 2671 Joannem
860 2619 1076 2669 Baptistam
1104 2617 1154 2657 de
1185 2616 1331 2656 Rubeis
1348 2614 1448 2656 dum

137 2668 237 2706 bona
258 2670 325 2709 sua
354 2669 421 2708 sub
451 2672 555 2711 hasta
585 2674 740 2718 vendi,
770 2672 1092 2725 pretiumquein
1119 2668 1446 2709 celebrationem

136 2717 346 2761 Miffarum
368 2723 526 2774 erogari
540 2725 749 2769 mandavit
767 2753 780 2774 ‚
798 2727 915 2768 unice
948 2722 1194 2776 suffragium
1210 2723 1370 2765 Animae
1391 2731 1449 2756 re-

242 2775 428 2816 Tom.XL.
948 2776 1037 2827 Qu
1352 2772 1440 2821 spe=
