1924 2970
1848 76 1869 94 d

482 98 532 132 66
1013 95 1071 132 16.
1094 94 1225 130 Martii
1246 103 1365 138 1771.

480 144 756 185 Ecclesiarum
786 144 1049 189 tenerijuxta
1069 145 1380 184 declarationes
1399 144 1488 183 Sac.
1515 145 1685 184 Rittium
1704 145 1815 184 Con-

483 196 736 247 gregationis
754 210 824 246 per
839 197 999 245 seipsos
1023 224 1035 242 ‚
1056 211 1133 236 non
1153 207 1296 238 autem
1317 210 1390 247 per
1406 197 1643 236 substitutos
1677 198 1816 237 munia

482 250 595 288 obire
615 275 627 294 ,
646 251 777 301 neque
814 250 851 289 id
887 251 1128 289 alternatim
1148 251 1277 290 licere
1296 274 1308 292 ‚
1346 251 1536 302 quamvis
1555 251 1815 289 contrarium

483 301 637 340 adest'et
654 304 850 341 statutum
866 327 879 346 ,
912 311 984 341 aut
1017 302 1360 342 immemorabilis
1378 303 1631 342 consuetudo
1652 304 1812 342 Ciarlin.

487 356 863 402 controv.for.lib.1.
880 360 1025 404 cap.38.
1046 370 1148 402 n.29.
1171 383 1183 401 ,
1217 360 1259 400 εἴγ’
1276 370 1338 399 30.

436 406 657 456 Episcopus
677 409 758 455 post
773 409 991 456 expositam
1012 407 1108 447 facti
1127 410 1273 448 seriem
1297 439 1304 446 .
1340 410 1556 458 relataque
1572 416 1815 458 argumenta

490 461 539 498 ab
556 470 729 511 utraque
745 469 861 509 parte
879 461 1050 499 adducta
1067 486 1079 505 ,
1117 461 1176 500 ita
1193 461 1410 505 concludit
1440 478 1467 497 =
1496 466 1663 498 Artemo
1692 463 1815 509 igitur

493 514 593 562 longo
600 514 758 562 servitio
788 515 955 551 Orator-is
975 526 991 556 ς
1001 525 1035 557 5.
1057 527 1230 551 annorum
1245 514 1408 562 Ecclestae
1419 514 1637 563 praestito‚&·
1656 514 1812 551 rationi-

493 568 555 604 Bus
572 567 734 615 utsupra
752 567 918 604 adduc‘iis
954 576 1076 605 contra
1104 567 1354 615 Capitularem
1383 567 1636 615 resolutionem
1651 591 1664 609 ‚
1696 567 1808 603 dene-

486 621 648 668 gandam
662 633 728 657 non
745 619 814 668 eſj'e
830 621 948 658 eidem
960 623 1116 669 petitam
1131 619 1368 672 jubilationis
1377 622 1542 667 gratiam
1558 620 1737 667 censerem
1753 633 1781 655 ς’,

442 665 752 711 ΡΙυτίςςειξὶιιῐη
786 672 839 710 cst
868 671 907 708 in
936 672 1022 711 Sac.
1052 671 1386 721 congregatione
1405 672 1455 710 de
1475 672 1807 715 jubilationibus,

494 737 581 775 quae
599 724 739 771 pasfirn
757 724 1042 764 conceduntur
1077 738 1123 764 ex
1154 739 1202 765 eo
1242 724 1440 762 naturalis
1470 724 1676 775 aequitatis
1703 724 1815 772 prin·

493 776 632 825 cipio,
658 778 766 828 quod
786 777 955 816 infirmis
987 777 1336 820 subveniendum,
1367 777 1644 815 laborantibus
1675 777 1817 814 consu-

495 829 667 869 lendum
682 854 695 873 ‚
724 831 763 870 Sc
782 831 970 868 emeritis
991 832 1201 879 praemium
1221 843 1297 868 non
1332 831 1617 879 denegandum
1650 828 1792 867 suadet
1807 855 1819 865 .

494 882 647 922 Viden.
664 882 766 921 folia
784 882 822 919 in
840 885 1015 921 Civitatis
1037 885 1248 932 Castellanae
1268 896 1330 922 20.
1363 885 1585 931 Septembris
1606 885 1717 927 1766.
1742 907 1754 925 ,
1783 880 1824 917 in

494 934 942 988 Spoletanajtcbilationis
962 941 1021 975 18.
1041 938 1203 986 Augusti
1219 938 1302 972 anni
1321 949 1401 973 mox
1420 936 1553 984 elapsi»,
1585 936 1622 974 ἃ
1639 934 1736 972 alibi
1757 961 1767 970 .
1804 947 1806 950 ·

441 982 562 1026 Nihil
582 988 826 1034 Capitulum
845 990 1016 1036 opponit
1051 989 1183 1040 quoad
1200 989 1447 1027 continuum
1464 1014 1476 1032 ‚
1512 1000 1556 1026 ac
1580 986 1813 1024 laudabilm

489 1040 708 1080 servitium
729 1040 975 1080 aCanonico
989 1041 1186 1091 Jannotta
1206 1042 1449 1086 expletum:
1476 1040 1616 1087 Quare
1637 1038 1818 1077 anneta,

489 1094 736 1132 maturitate
758 1119 770 1138 ,
789 1105 834 1131 ac
859 1093 1076 1141 prudentia
1114 1095 1201 1133 Emi
1220 1093 1298 1131 PP.
1317 1093 1606 1139 dijudicabunt
1626 1121 1635 1129 .

440 1147 566 1196 Anstt
579 1148 849 1184 concedendum
872 1147 1061 1184 indultum
1072 1147 1313 1197 jubilationis
1331 1149 1372 1185 iu
1390 1148 1473 1196 casu
1493 1149 1567 1189 &a

602 1303 699 1343 Non
713 1304 914 1354 proposita
930 1330 943 1350 ‚
975 1311 1069 1344 cum
1087 1305 1256 1356 reliquis
1274 1335 1283 1344 .

68 1571 233 1620 Sefflw.
252 1575 398 1622 cap.18.
557 1567 847 1608 ELITERNA
878 1566 1055 1608 TAXAE
1085 1568 1386 1607 SEMINARII
1407 1599 1416 1608 .
1440 1568 1660 1608 Sollicitus
1678 1573 1817 1610 elme.

69 1627 114 1664 de
130 1623 293 1671 Reform.
567 1620 800 1661 Cardinalis
818 1621 1015 1660 Gesualdi
1044 1620 1146 1658 olim
1182 1621 1402 1669 Episcopus
1428 1622 1585 1660 Ostien.
1607 1648 1619 1667 ‚
1647 1625 1684 1663 Sc
1715 1623 1827 1662 Veli-

498 1683 659 1715 ternen.
677 1673 727 1712 de
747 1673 958 1719 implendo
974 1686 1098 1712 onere
1115 1685 1135 1711 a
1153 1673 1346 1712 Concilio
1376 1673 1631 1712 Tridentino
1658 1676 1826 1724 Episco-

502 1727 563 1777 pis
595 1725 785 1773 impofito
812 1725 920 1764 circa
953 1726 1250 1764 institutionem
1280 1725 1498 1764 Seminarii
1533 1725 1822 1772 clericorum,

502 1792 608 1819 anno
630 1791 743 1825 1592.
765 1778 813 1816 ad
832 1778 947 1816 illius
968 1779 1219 1818 crestionem
1240 1778 1391 1824 adjecit
1408 1778 1591 1816 animum
1607 1804 1620 1823 ‚
1640 1780 1825 1819 curavit·

505 1845 584 1882 que
601 1857 614 1877 ‚
630 1840 674 1871 ut
689 1830 828 1871 eidem
847 1831 1075 1870 sustinendo
1093 1830 1340 1870 sufficientes
1356 1831 1511 1871 reditus
1531 1843 1608 1869 non
1627 1831 1825 1871 deeffent:

504 1884 706 1928 Imposuit
735 1883 906 1931 proinde
926 1884 1104 1931 primum
1122 1891 1258 1922 taxam
1278 1884 1392 1932 super
1426 1882 1637 1923 beneficiis
1661 1884 1825 1923 Civita-

503 1937 557 1977 tis
575 1963 587 1982 ‚
605 1938 642 1977 Sc
661 1937 852 1976 Diaecefis
869 1962 882 1980 ‚
899 1937 1049 1976 deinde
1069 1938 1264 1974 nonnulla
1285 1936 1417 1974 univit
1432 1935 1628 1974 beneficia
1649 1967 1657 1975 .
1687 1936 1824 1975 Cum.»

500 1998 644 2029 tamen
681 1989 849 2028 decursu
880 1989 1080 2038 temporis
1112 1989 1270 2027 exanio
1301 1998 1402 2027 taxae
1435 1988 1636 2037 paulatim
1670 1989 1829 2040 negligi

504 2041 676 2089 caeperit
695 2067 709 2086 ‚
724 2055 773 2080 eo
793 2053 855 2080 res
874 2042 1068 2090 perdud'ta
1086 2043 1154 2083 est,
1175 2050 1220 2080 ut
1239 2042 1392 2080 nonnifi
1407 2054 1529 2091 quam
1543 2042 1637 2079 οὸὶο
1655 2041 1830 2080 Alumni

507 2095 548 2133 in
565 2093 795 2134 Seminario
825 2095 1036 2134 alerentur
1054 2119 1067 2138 ‚
1095 2106 1169 2133 nec
1199 2104 1318 2142 aptus
1335 2094 1623 2133 Ministrorum
1640 2105 1834 2132 numerus

506 2145 634 2196 posset
649 2146 858 2186 sustentari
877 2175 888 2185 .
1578 2159 1580 2161 ’

456 2198 578 2239 Hunc
593 2211 810 2238 numerum
829 2199 1014 2238 Diaecefis
1035 2198 1301 2247 amplitudini
1317 2198 1516 2247 imparem
1538 2199 1757 2248 agnoscens
1775 2199 1830 2238 cl.
1873 2207 1876 2210 ’

507 2264 632 2292 mem.
659 2252 776 2290 Card.
794 2251 994 2291 Tanarius
1011 2277 1024 2296 ‚
1044 2252 1166 2290 illum
1182 2264 1288 2289 anno
1312 2265 1423 2297 1722.
1443 2252 1611 2290 adauxit
1630 2251 1753 2300 usque
1771 2248 1821 2290 ad

507 2303 690 2354 viginti,
719 2304 1019 2356 renovavitque
1035 2313 1170 2343 taxam
1184 2304 1232 2342 ad
1255 2305 1456 2344 rationem
1477 2305 1686 2343 scutorum
1703 2303 1832 2343 trium

507 2369 584 2406 pro
599 2356 868 2399 centenario,
901 2357 1067 2408 ejusque
1096 2356 1291 2395 solutioni
1311 2357 1584 2405 penfionarios
1616 2356 1835 2406 quoscum-

510 2421 590 2460 que
610 2409 746 2448 voluit
766 2408 962 2450 obnoxios
981 2434 993 2448 ·
1016 2410 1172 2450 Verum
1205 2422 1336 2459 neque
1357 2411 1464 2448 hunc
1488 2421 1705 2448 numerum
1724 2407 1831 2447 suffi-

509 2473 602 2507 cere
621 2461 780 2502 censuit
797 2462 852 2500 cl.
873 2472 954 2502 me.
983 2460 1216 2501 cardinalis
1245 2462 1470 2511 Spinellius
1487 2487 1500 2506 ,
1532 2462 1600 2511 qui
1626 2461 1831 2500 Alumno-

510 2527 602 2553 rum
621 2526 840 2554 numerum
855 2514 904 2553 ad
927 2515 1076 2565 viginti
1095 2523 1271 2565 quatuor
1287 2515 1453 2554 adauxit
1470 2540 1482 2559 ‚
1515 2515 1663 2560 nempe
1678 2514 1831 2553 duode-

513 2567 596 2607 cim
613 2566 882 2613 numerarios,
899 2567 967 2618 qui
983 2568 1194 2607 solverent
1214 2567 1373 2606 scutum
1391 2580 1515 2607 unum
1534 2568 1700 2615 singulis
1718 2579 1834 2606 rnen-

514 2620 616 2659 fibus
635 2645 649 2664 ‚
667 2620 928 2669 totidemque
945 2621 1321 2671 supranurnerarios
1342 2645 1354 2665 ‚
1373 2621 1440 2672 qui
1461 2621 1510 2659 ad
1529 2620 1644 2669 dupli
1666 2620 1836 2658 solutio-

516 2684 612 2712 nem
627 2680 873 2712 tenerentur
891 2701 901 2710 .
1755 2723 1791 2762 D

1797 2736 1841 2762 e-
