1924 2970
525 177 584 209 13.
604 161 709 214 Julii
732 174 845 210 ¹7⁷¹·
1303 193 1313 200 .
1336 175 1411 214 357

64 232 167 271 ·que
183 220 288 259 idem
304 218 415 258 Fund
426 225 514 258 ator
528 218 653 257 etiam
672 216 897 263 fimplicem
927 212 1137 254 Clericnm
1166 219 1378 258 vocaverit
1391 242 1408 263 ‚

89 273 316 322 nullibique
330 283 432 310 onus
450 269 639 309 audiendi
658 267 925 308 confefliones
944 267 1182 313 injunxerit,
1204 269 1296 310 ideo
1314 273 1408 310 fim-

90 327 178 374 plez
195 324 449 375 qualificatus
465 322 650 361 Clericus
665 321 820 369 semper
840 318 1109 368 praeferendus
1141 322 1192 359 est
1212 322 1407 362 Sacerdo-

88 378 120 415 ti
140 387 330 416 extraneo
349 401 362 421 ‚
380 377 414 414 Sc.
433 387 507 413 non
527 373 762 424 qualificato
779 398 790 418 ,
816 372 893 412 etsi
908 372 940 410 is
956 384 1079 422 capax
1107 372 1155 412 fit
1181 374 1231 413 ad
1261 375 1402 415 Sacrae

87 427 363 468 Confeffiones
383 425 636 476 excipiendas
654 456 663 465 .

39 480 374 529 Perpendendum
394 480 482 519 ideo
500 506 513 524 ‚
528 493 575 517 an
594 479 775 516 Sacerdos
793 475 950 526 Jacobus
971 501 984 521 ‚
1000 477 1065 517 vel
1083 485 1248 517 tantum
1283 479 1403 517 Cleri-

68 547 150 571 vcus
167 533 337 581 Ansanus
367 533 411 570 fit
441 531 694 580 qualificatus
711 559 720 570 .
742 530 818 569 Ille
837 538 954 569 natus
972 531 1023 569 est
1042 532 1081 568 in
1099 530 1268 570 Diaecefi
1284 530 1403 570 Mon-

65 586 137 624 ,εἰς
156 584 327 628 Falisci,
354 583 581 634 nuilibiqne
598 583 781 621 addictus
801 591 886 620 erat
905 582 1076 621 servitio
1098 582 1282 623 Ecciefiae
1300 582 1401 623 Col-

81 637 244 685 legiatae
259 666 269 675 .
302 635 373 674 Iste
392 649 489 675 vero
507 645 624 674 natus
644 634 747 674 estin
765 631 892 672 Terra
910 634 1083 674 Vulsinii
1100 659 1114 679 ‚
1145 636 1182 676 ἃς
1212 636 1400 686 quamvis

81 688 310 727 vacationis
353 698 538 736 tempore
586 687 768 726 Ecclesia:
821 685 1060 735 collegiatae
1105 688 1275 727 servitio
1292 688 1401 728 haud

83 738 181 780 effet
209 741 393 780 addietus
426 767 438 787 ‚
490 742 608 789 longe
641 749 776 778 tamen
806 747 903 776 ante
947 740 1217 779 collationem
1261 753 1282 780 a
1329 740 1400 778 Sa-

82 794 228 830 cerdote
267 794 401 842 Jacobo
444 794 653 832 obtentam
684 815 698 834 ,
727 791 808 836 jam
844 789 954 842 dieze
985 792 1170 831 Ecclefiae
1206 791 1400 833 inservire

80 854 256 893 caeperat
272 875 282 883 .
317 845 501 884 Testator
517 857 593 882 non
612 843 773 894 quidem
795 841 985 881 Bimestre
1005 845 1222 883 servitium
1254 845 1400 884 Eccle-

79 897 139 935 fiae
156 895 396 946 Collegiatae
416 897 454 934 in
483 896 797 938 Sacerdotibus,
827 906 874 932 ac
901 894 1076 934 Clericis
1111 897 1318 945 quaefivit‚
1350 903 1399 935 ut

81 948 219 986 idonei
249 957 536 996 reputarentur
564 948 609 987 ad
642 946 942 986 Canonicatum
971 946 1256 996 assequendum
1285 963 1297 993 ς
1331 948 1401 987 sed

80 1009 242 1039 tantum
259 1012 326 1039 eos
359 1001 525 1039 exclusit
542 1027 554 1046 ,
583 1000 650 1049 qui
669 1013 739 1047 per
757 999 942 1038 bimestre
968 1011 989 1037 a
1011 999 1181 1038 servitio
1214 1000 1402 1039 Ecciefiae

79 1051 299 1090 defiiffent.
328 1051 635 1091 ponderandum
658 1052 781 1093 ideo,
814 1062 860 1089 an
878 1050 925 1089 ad
961 1051 1234 1090 idoneitatem
1263 1051 1400 1102 acqui·

82 1102 248 1142 rendam
267 1102 529 1144 necessarium
557 1106 602 1143 iit
622 1102 807 1143 bimestre
830 1103 1039 1142 servitium
1061 1129 1074 1148 ‚
1105 1105 1170 1143 vel
1188 1104 1324 1152 potius
1346 1104 1404 1142 sa·-

86 1156 140 1194 tis
154 1155 215 1198 fit,
233 1155 495 1197 Sacerdotem
514 1184 526 1202 ,
558 1157 619 1196 vel
649 1156 860 1196 Clericum
876 1155 960 1195 aftu
977 1156 1094 1195 diftae
1123 1156 1308 1196 Ecciefiae
1344 1155 1402 1194 in-

78 1208 230 1297 lser-vire
260 1216 446 1260 tempore
478 1209 704 1250 vacationis
728 1232 741 1252 ‚
771 1216 991 1259 antequam
1038 1208 1209 1260 sequuta
1237 1209 1284 1248 fit
1313 1208 1402 1248 col-

95 1268 180 1298 atio
196 1289 206 1298 .

26 1312 117 1351 Enii
144 1309 217 1369 Pi).
245 1320 406 1352 maturo
434 1339 447 1359 ,
478 1326 558 1366 quo
586 1314 718 1355 solent
747 1338 761 1359 ‚
790 1311 951 1359 judicio
975 1311 1195 1364 dignentur
1226 1318 1399 1354 votum..

25 1377 32 1381 ·
79 1375 259 1412 aperire.

24 1416 92 1455 An
107 1440 119 1460 ‚
141 1419 182 1459 ,237-
197 1429 272 1466 (με
280 1417 786 1470 suppIIcatiofitfignanda'in
802 1417 885 1464 casu
901 1418 975 1461 &aa

17 1986 475 2076 NEOCASTREN.
504 1988 682 2030 MISSAE
713 1988 825 2030 PRO
868 1987 1097 2029 POPULO
1127 2017 1140 2030 .
1187 1986 1391 2035 Quamvis
1430 1988 1596 2038 Seffin.
1625 1997 1703 2040 cap.
1723 2002 1759 2029 ι.

136 2039 305 2080 Parochi
324 2044 592 2083 Ecclefiarum
607 2043 646 2082 S.
677 2042 820 2082 Mariae
850 2041 1079 2082 Catholicae
1099 2065 1112 2085 ‚
1144 2041 1183 2082 Sc
1200 2041 1237 2080 S.
1257 2040 1393 2093 Nico-
1430 2042 1648 2090 deResorne.

67 2092 122 2132 lai
140 2094 190 2132 de
209 2091 368 2134 Latinis
395 2094 557 2134 Miffam
585 2107 656 2144 pro
674 2094 830 2143 Populo
851 2094 1039 2146 quotidie
1070 2094 1276 2143 applicare
1296 2106 1392 2133 con-

65 2145 270 2185 sueverint
283 2172 297 2193 ‚
312 2147 486 2186 nihilom
497 2147 585 2187 inus
598 2148 678 2195 post
693 2148 931 2196 evuigatam
959 2159 1063 2186 anno
1085 2159 1201 2194 1744·
1237 2145 1392 2185 Consti-

67 2197 269 2238 tutionem
284 2200 334 2239 sa.
352 2211 478 2239 mem.
496 2199 705 2240 Benedisti
721 2197 832 2238 XIV.
867 2198 1112 2247 Cumsemper
1136 2198 1274 2235 oblatas
1288 2223 1301 2243 ,
1332 2208 1388 2238 a.»

69 2249 301 2298 quotidiana
322 2251 518 2291 Sacrificii
538 2251 820 2300 applicatione
839 2274 852 2295 ‚
869 2251 985 2296 juxta
1000 2249 1263 2291 Sententiam
1295 2249 1391 2299 Epi·

69 2299 173 2348 scopi
199 2301 495 2343 Neoeastrenfis
527 2303 726 2343 ceffarunt
757 2325 771 2347 ‚
803 2302 1003 2353 illamque
1030 2301 1081 2341 ad
1107 2301 1193 2341 dies
1223 2310 1388 2341 tantum

69 2348 305 2394 Dominicos
320 2381 334 2400 ‚
353 2356 392 2396 δε
423 2355 553 2395 Festos
564 2366 759 2396 coercere
777 2353 1054 2394 existimarunt
1073 2383 1084 2393 .
1111 2352 1217 2394 Cum
1245 2362 1386 2397 autem

63 2403 198 2459 piures
213 2406 286 2446 fint
303 2407 473 2448 Parochi
491 2407 712 2459 unicuique
728 2405 920 2448 Ecclesia:
937 2405 1206 2446 inservientes
1219 2429 1232 2449 ‚
1261 2406 1299 2444 ὃ(
1317 2405 1389 2444 du-

65 2454 244 2511 bfftatum
260 2458 357 2500 esset
372 2485 386 2505 ‚
403 2474 450 2499 an
468 2460 588 2500 unico
607 2461 645 2498 in
692 2459 845 2499 ualibet
869 2458 1045 2499 Ecclefia
1060 2460 1200 2498 oblato
1231 2455 1388 2496 Sacrifi-

64 2518 147 2549 cio,
162 2509 274 2547 oneri
287 2513 569 2560 applicationis
586 2512 648 2550 Mi
683 2525 712 2550 ε
726 2524 798 2561 pro
811 2510 972 2560 Populo
989 2509 1099 2550 foret
1117 2507 1386 2554 satisfastum,

48 2557 184 2615 ,Spera
210 2558 479 2613 Congregatio
512 2591 525 2611 ‚
562 2567 677 2611 cujus
706 2562 906 2610 judicium
938 2562 1076 2603 fuerat
1118 2561 1355 2612 requifitum
1370 2585 1386 2605 .

63 2610 130 2648 die
155 2614 212 2650 16.
230 2611 548 2663 Juniipraeteriti
566 2617 662 2657 anni
685 2629 798 2664 ¹770·
818 2614 969 2665 inquiri
986 2614 1114 2655 etiam
1130 2614 1183 2662 ⁴in
1200 2614 1386 2662 separato

59 2661 183 2719 dubio
201 2665 410 2705 mandavit
427 2693 440 2712 ‚
457 2681 506 2708 an
523 2669 634 2710 idem
645 2681 746 2708 onus
763 2666 951 2720 quotidie
965 2667 1065 2713 ‚seu
1080 2666 1200 2706 Fertis
1222 2673 1388 2705 tantum

56 2713 201 2756 diebus
216 2715 316 2758 effet
331 2730 354 2759 a
387 2716 576 2762 Parochis
589 2719 901 2774 adimplendum
916 2749 929 2762 .
959 2717 1053 2770 Qa
1083 2720 1134 2760 de
1151 2730 1195 2767 re
1217 2718 1257 2770 in
1275 2715 1389 2757 Con-

904 2778 906 2781 ·
1297 2778 1387 2819 gre-
